%YAML 1.1
%TAG !u! tag:unity3d.com,2011:
--- !u!1 &102424
GameObject:
  m_ObjectHideFlags: 0
  m_PrefabParentObject: {fileID: 0}
  m_PrefabInternal: {fileID: 100100000}
  serializedVersion: 4
  m_Component:
  - 4: {fileID: 465368}
  m_Layer: 0
  m_Name: ParticlePos 2
  m_TagString: Untagged
  m_Icon: {fileID: 0}
  m_NavMeshLayer: 0
  m_StaticEditorFlags: 0
  m_IsActive: 1
--- !u!1 &134276
GameObject:
  m_ObjectHideFlags: 0
  m_PrefabParentObject: {fileID: 0}
  m_PrefabInternal: {fileID: 100100000}
  serializedVersion: 4
  m_Component:
  - 4: {fileID: 467054}
  - 114: {fileID: 11468178}
  m_Layer: 0
  m_Name: Enjambre 1
  m_TagString: Untagged
  m_Icon: {fileID: 0}
  m_NavMeshLayer: 0
  m_StaticEditorFlags: 0
  m_IsActive: 0
--- !u!1 &134802
GameObject:
  m_ObjectHideFlags: 0
  m_PrefabParentObject: {fileID: 0}
  m_PrefabInternal: {fileID: 100100000}
  serializedVersion: 4
  m_Component:
  - 4: {fileID: 470116}
  - 114: {fileID: 11405938}
  m_Layer: 0
  m_Name: Enjambre 4
  m_TagString: Untagged
  m_Icon: {fileID: 0}
  m_NavMeshLayer: 0
  m_StaticEditorFlags: 0
  m_IsActive: 0
--- !u!1 &135806
GameObject:
  m_ObjectHideFlags: 0
  m_PrefabParentObject: {fileID: 0}
  m_PrefabInternal: {fileID: 100100000}
  serializedVersion: 4
  m_Component:
  - 4: {fileID: 482770}
  - 114: {fileID: 11416270}
  m_Layer: 0
  m_Name: Enjambre 3
  m_TagString: Untagged
  m_Icon: {fileID: 0}
  m_NavMeshLayer: 0
  m_StaticEditorFlags: 0
  m_IsActive: 0
--- !u!1 &147894
GameObject:
  m_ObjectHideFlags: 0
  m_PrefabParentObject: {fileID: 0}
  m_PrefabInternal: {fileID: 100100000}
  serializedVersion: 4
  m_Component:
  - 4: {fileID: 465448}
  m_Layer: 0
  m_Name: ParticlePos 3
  m_TagString: Untagged
  m_Icon: {fileID: 0}
  m_NavMeshLayer: 0
  m_StaticEditorFlags: 0
  m_IsActive: 1
--- !u!1 &167272
GameObject:
  m_ObjectHideFlags: 0
  m_PrefabParentObject: {fileID: 0}
  m_PrefabInternal: {fileID: 100100000}
  serializedVersion: 4
  m_Component:
  - 4: {fileID: 412510}
  - 114: {fileID: 11446258}
  m_Layer: 0
  m_Name: Enjambre 2
  m_TagString: Untagged
  m_Icon: {fileID: 0}
  m_NavMeshLayer: 0
  m_StaticEditorFlags: 0
  m_IsActive: 0
--- !u!1 &168204
GameObject:
  m_ObjectHideFlags: 0
  m_PrefabParentObject: {fileID: 0}
  m_PrefabInternal: {fileID: 100100000}
  serializedVersion: 4
  m_Component:
  - 4: {fileID: 429018}
  - 114: {fileID: 11448754}
  m_Layer: 0
  m_Name: Enjambre 5
  m_TagString: Untagged
  m_Icon: {fileID: 0}
  m_NavMeshLayer: 0
  m_StaticEditorFlags: 0
  m_IsActive: 0
--- !u!1 &181096
GameObject:
  m_ObjectHideFlags: 0
  m_PrefabParentObject: {fileID: 0}
  m_PrefabInternal: {fileID: 100100000}
  serializedVersion: 4
  m_Component:
  - 4: {fileID: 450246}
  m_Layer: 0
  m_Name: ParticlePos 1
  m_TagString: Untagged
  m_Icon: {fileID: 0}
  m_NavMeshLayer: 0
  m_StaticEditorFlags: 0
  m_IsActive: 1
--- !u!1 &192928
GameObject:
  m_ObjectHideFlags: 0
  m_PrefabParentObject: {fileID: 0}
  m_PrefabInternal: {fileID: 100100000}
  serializedVersion: 4
  m_Component:
  - 4: {fileID: 476114}
  m_Layer: 0
  m_Name: TailShootPoint
  m_TagString: Untagged
  m_Icon: {fileID: 0}
  m_NavMeshLayer: 0
  m_StaticEditorFlags: 0
  m_IsActive: 1
--- !u!1 &199790
GameObject:
  m_ObjectHideFlags: 0
  m_PrefabParentObject: {fileID: 0}
  m_PrefabInternal: {fileID: 100100000}
  serializedVersion: 4
  m_Component:
  - 4: {fileID: 427436}
  - 114: {fileID: 11416258}
  - 212: {fileID: 21219006}
  - 114: {fileID: 11490710}
  - 114: {fileID: 11416296}
  - 114: {fileID: 11452096}
  - 114: {fileID: 11495942}
  - 61: {fileID: 6175284}
  - 50: {fileID: 5044514}
  m_Layer: 0
  m_Name: Kdio
  m_TagString: Enemy
  m_Icon: {fileID: 0}
  m_NavMeshLayer: 0
  m_StaticEditorFlags: 0
  m_IsActive: 1
--- !u!4 &412510
Transform:
  m_ObjectHideFlags: 1
  m_PrefabParentObject: {fileID: 0}
  m_PrefabInternal: {fileID: 100100000}
  m_GameObject: {fileID: 167272}
  m_LocalRotation: {x: 0, y: 0, z: 0, w: 1}
  m_LocalPosition: {x: -1.11, y: 0.07, z: 0}
  m_LocalScale: {x: 1, y: 1, z: 1}
  m_LocalEulerAnglesHint: {x: 0, y: 0, z: 0}
  m_Children: []
  m_Father: {fileID: 427436}
  m_RootOrder: 2
--- !u!4 &427436
Transform:
  m_ObjectHideFlags: 1
  m_PrefabParentObject: {fileID: 0}
  m_PrefabInternal: {fileID: 100100000}
  m_GameObject: {fileID: 199790}
  m_LocalRotation: {x: 0, y: 0, z: 0, w: 1}
  m_LocalPosition: {x: 4.7804604, y: -0.42915577, z: 0}
  m_LocalScale: {x: 0.57726765, y: 0.57726765, z: 0.57726765}
  m_LocalEulerAnglesHint: {x: 0, y: 0, z: 0}
  m_Children:
  - {fileID: 476114}
  - {fileID: 467054}
  - {fileID: 412510}
  - {fileID: 482770}
  - {fileID: 470116}
  - {fileID: 429018}
  - {fileID: 450246}
  - {fileID: 465368}
  - {fileID: 465448}
  m_Father: {fileID: 0}
  m_RootOrder: 0
--- !u!4 &429018
Transform:
  m_ObjectHideFlags: 1
  m_PrefabParentObject: {fileID: 0}
  m_PrefabInternal: {fileID: 100100000}
  m_GameObject: {fileID: 168204}
  m_LocalRotation: {x: 0, y: 0, z: 0, w: 1}
  m_LocalPosition: {x: -1.11, y: 0.07, z: 0}
  m_LocalScale: {x: 1, y: 1, z: 1}
  m_LocalEulerAnglesHint: {x: 0, y: 0, z: 0}
  m_Children: []
  m_Father: {fileID: 427436}
  m_RootOrder: 5
--- !u!4 &450246
Transform:
  m_ObjectHideFlags: 1
  m_PrefabParentObject: {fileID: 0}
  m_PrefabInternal: {fileID: 100100000}
  m_GameObject: {fileID: 181096}
  m_LocalRotation: {x: 0, y: 0, z: 0, w: 1}
  m_LocalPosition: {x: -2.35, y: 2.94, z: 0}
  m_LocalScale: {x: 1, y: 1, z: 1}
  m_LocalEulerAnglesHint: {x: 0, y: 0, z: 0}
  m_Children: []
  m_Father: {fileID: 427436}
  m_RootOrder: 6
--- !u!4 &465368
Transform:
  m_ObjectHideFlags: 1
  m_PrefabParentObject: {fileID: 0}
  m_PrefabInternal: {fileID: 100100000}
  m_GameObject: {fileID: 102424}
  m_LocalRotation: {x: 0, y: 0, z: 0, w: 1}
  m_LocalPosition: {x: -0.86, y: 0.77, z: 0}
  m_LocalScale: {x: 1, y: 1, z: 1}
  m_LocalEulerAnglesHint: {x: 0, y: 0, z: 0}
  m_Children: []
  m_Father: {fileID: 427436}
  m_RootOrder: 7
--- !u!4 &465448
Transform:
  m_ObjectHideFlags: 1
  m_PrefabParentObject: {fileID: 0}
  m_PrefabInternal: {fileID: 100100000}
  m_GameObject: {fileID: 147894}
  m_LocalRotation: {x: 0, y: 0, z: 0, w: 1}
  m_LocalPosition: {x: 0.47, y: -1.85, z: 0}
  m_LocalScale: {x: 1, y: 1, z: 1}
  m_LocalEulerAnglesHint: {x: 0, y: 0, z: 0}
  m_Children: []
  m_Father: {fileID: 427436}
  m_RootOrder: 8
--- !u!4 &467054
Transform:
  m_ObjectHideFlags: 1
  m_PrefabParentObject: {fileID: 0}
  m_PrefabInternal: {fileID: 100100000}
  m_GameObject: {fileID: 134276}
  m_LocalRotation: {x: 0, y: 0, z: 0, w: 1}
  m_LocalPosition: {x: -1.11, y: 0.07, z: 0}
  m_LocalScale: {x: 1, y: 1, z: 1}
  m_LocalEulerAnglesHint: {x: 0, y: 0, z: 0}
  m_Children: []
  m_Father: {fileID: 427436}
  m_RootOrder: 1
--- !u!4 &470116
Transform:
  m_ObjectHideFlags: 1
  m_PrefabParentObject: {fileID: 0}
  m_PrefabInternal: {fileID: 100100000}
  m_GameObject: {fileID: 134802}
  m_LocalRotation: {x: 0, y: 0, z: 0, w: 1}
  m_LocalPosition: {x: -1.11, y: 0.07, z: 0}
  m_LocalScale: {x: 1, y: 1, z: 1}
  m_LocalEulerAnglesHint: {x: 0, y: 0, z: 0}
  m_Children: []
  m_Father: {fileID: 427436}
  m_RootOrder: 4
--- !u!4 &476114
Transform:
  m_ObjectHideFlags: 1
  m_PrefabParentObject: {fileID: 0}
  m_PrefabInternal: {fileID: 100100000}
  m_GameObject: {fileID: 192928}
  m_LocalRotation: {x: 0, y: 0, z: 0, w: 1}
  m_LocalPosition: {x: -4.24, y: -3.28, z: 0}
  m_LocalScale: {x: 1, y: 1, z: 1}
  m_LocalEulerAnglesHint: {x: 0, y: 0, z: 0}
  m_Children: []
  m_Father: {fileID: 427436}
  m_RootOrder: 0
--- !u!4 &482770
Transform:
  m_ObjectHideFlags: 1
  m_PrefabParentObject: {fileID: 0}
  m_PrefabInternal: {fileID: 100100000}
  m_GameObject: {fileID: 135806}
  m_LocalRotation: {x: 0, y: 0, z: 0, w: 1}
  m_LocalPosition: {x: -1.11, y: 0.07, z: 0}
  m_LocalScale: {x: 1, y: 1, z: 1}
  m_LocalEulerAnglesHint: {x: 0, y: 0, z: 0}
  m_Children: []
  m_Father: {fileID: 427436}
  m_RootOrder: 3
--- !u!50 &5044514
Rigidbody2D:
  serializedVersion: 2
  m_ObjectHideFlags: 1
  m_PrefabParentObject: {fileID: 0}
  m_PrefabInternal: {fileID: 100100000}
  m_GameObject: {fileID: 199790}
  m_UseAutoMass: 0
  m_Mass: 0.0001
  m_LinearDrag: 0
  m_AngularDrag: 0
  m_GravityScale: 0
  m_IsKinematic: 1
  m_Interpolate: 0
  m_SleepingMode: 1
  m_CollisionDetection: 0
  m_Constraints: 0
--- !u!61 &6175284
BoxCollider2D:
  m_ObjectHideFlags: 1
  m_PrefabParentObject: {fileID: 0}
  m_PrefabInternal: {fileID: 100100000}
  m_GameObject: {fileID: 199790}
  m_Enabled: 1
  m_Density: 1
  m_Material: {fileID: 0}
  m_IsTrigger: 0
  m_UsedByEffector: 0
  m_Offset: {x: -0.8312424, y: 0.7646954}
  serializedVersion: 2
  m_Size: {x: 4.8493505, y: 7.3143106}
--- !u!114 &11405938
MonoBehaviour:
  m_ObjectHideFlags: 1
  m_PrefabParentObject: {fileID: 0}
  m_PrefabInternal: {fileID: 100100000}
  m_GameObject: {fileID: 134802}
  m_Enabled: 1
  m_EditorHideFlags: 0
  m_Script: {fileID: 11500000, guid: 0d52ecce04fbf4240b91501d1a144de3, type: 3}
  m_Name: 
  m_EditorClassIdentifier: 
  RunOnStart: 1
  TimeToDeploy: 0.8
  ElementToInstance: {fileID: 160712, guid: 479f997081b271d4ba455ec910ba0b24, type: 2}
  NumMaxElements: 3
  timeBwtElements: 0.2
  velocityXDown: -1.9
  velocityXTop: -2.1
  velocityYDown: -1.1
  velocityYTop: 1.1
--- !u!114 &11416258
MonoBehaviour:
  m_ObjectHideFlags: 1
  m_PrefabParentObject: {fileID: 0}
  m_PrefabInternal: {fileID: 100100000}
  m_GameObject: {fileID: 199790}
  m_Enabled: 1
  m_EditorHideFlags: 0
  m_Script: {fileID: 11500000, guid: 693c7362622d38941bf9c82a6e67d718, type: 3}
  m_Name: 
  m_EditorClassIdentifier: 
  spriteRenderer: {fileID: 21219006}
  animations:
  - name: Grande Chaleco Ataque
    fps: 30
    frames:
    - {fileID: 21300000, guid: 8554e3192bbab434da0265d3151d7101, type: 3}
    - {fileID: 21300000, guid: 3a269603b5ad89b4b9983171b1228252, type: 3}
    - {fileID: 21300000, guid: ad98ada52c4d2cb4cb4d674ba334db09, type: 3}
    - {fileID: 21300000, guid: 71b241028bd2c4d4dbfd1344b2a46221, type: 3}
    - {fileID: 21300000, guid: 3c7884faa822d1947b625cc523101356, type: 3}
    - {fileID: 21300000, guid: dc31ff7f152b95d4c8cb613af8db1ccf, type: 3}
    - {fileID: 21300000, guid: 5fb2319ea5bf0244199c58d71d9404cd, type: 3}
    - {fileID: 21300000, guid: 3abe193d59ce33b42bc23b91b112f6c9, type: 3}
    - {fileID: 21300000, guid: 0915e37b82dafba44b873f6c6e19d98a, type: 3}
    - {fileID: 21300000, guid: 1efe87d82d139d8429c704a93ec1ab89, type: 3}
    - {fileID: 21300000, guid: effb6c8d69841154c8a59311ca80d279, type: 3}
    - {fileID: 21300000, guid: ccb543c7c18b61b41bbdd2ce6b3b2379, type: 3}
    - {fileID: 21300000, guid: e0ced8a93c4b10f4f9510f627664d814, type: 3}
    - {fileID: 21300000, guid: 115adab6d61079f42899efb195798b9b, type: 3}
    - {fileID: 21300000, guid: b5d38ed5daf15e646822eba86574f1b0, type: 3}
    - {fileID: 21300000, guid: bc640405435b0a040b785614be60e8dd, type: 3}
    - {fileID: 21300000, guid: 09937372513b91a4bb78a2ef069c2e7e, type: 3}
    - {fileID: 21300000, guid: b3505e0f5ca428a4985d44a096627150, type: 3}
    - {fileID: 21300000, guid: e16641bb105740448b4fd5e2f0da88c5, type: 3}
    - {fileID: 21300000, guid: 029696e7a6e33c1499c0af9033962d69, type: 3}
    - {fileID: 21300000, guid: 8068f3215b2f34447ba4ed5a50c822b2, type: 3}
    - {fileID: 21300000, guid: 7a201cd175b44c84a9513df8856bdb8f, type: 3}
    - {fileID: 21300000, guid: 9091098d046843846a99fc4addd0129b, type: 3}
    - {fileID: 21300000, guid: 5fd81bfd6cdc4194b95a07214b7d434b, type: 3}
    - {fileID: 21300000, guid: cfdad995ee871c94ababd3ab871d7959, type: 3}
    - {fileID: 21300000, guid: 4fb4e30a572a02c4c949b96b12413757, type: 3}
    - {fileID: 21300000, guid: bf8574c332e748542a7722cc07bc3c3a, type: 3}
    - {fileID: 21300000, guid: 636ce383981a6d749925e1a489c2b855, type: 3}
    - {fileID: 21300000, guid: f76ff84ce21102b4a877d48379eb056b, type: 3}
    - {fileID: 21300000, guid: ce52bbc9a3feadd44a0f435eb60e08f4, type: 3}
    - {fileID: 21300000, guid: 2584855ddbff62a4e9ce014d05e46290, type: 3}
    - {fileID: 21300000, guid: fc7031bf94147a64e9838c4d929e7497, type: 3}
    - {fileID: 21300000, guid: 0292af04ff49f4d4a8af13ff9a7edf8b, type: 3}
    - {fileID: 21300000, guid: f5c0f9222f1528149a662d13853e057c, type: 3}
    - {fileID: 21300000, guid: 87d9af36221df3c4aa74e4533d9ff4b5, type: 3}
    - {fileID: 21300000, guid: ad4fb321b3a91b24a8fe3ea814fbfa80, type: 3}
    - {fileID: 21300000, guid: 000171a7f12a0a04b9ffd7cc1eb858f0, type: 3}
    - {fileID: 21300000, guid: 4f65643c8d9cc414494bcb64c9a29ee6, type: 3}
    - {fileID: 21300000, guid: b3ed951226e662e47a89c7cf9de992f3, type: 3}
    - {fileID: 21300000, guid: 80633d527bc3ee04fbc1585ab9f1fd94, type: 3}
    - {fileID: 21300000, guid: a91c5f71ab478f244ab0683dde772e1e, type: 3}
    - {fileID: 21300000, guid: cdcd708771977cf48a6b074718f8c843, type: 3}
    - {fileID: 21300000, guid: ce051cc8a6f0acb4bbfc059e4a704fc5, type: 3}
    - {fileID: 21300000, guid: 1db65faf1ece4cd4fb7e8f5204be5d91, type: 3}
    - {fileID: 21300000, guid: 3350e047058a8dc4ebd9d96cf4bf037a, type: 3}
    - {fileID: 21300000, guid: 12c1ff8482ac88a4c9c873a9c70bd99a, type: 3}
    - {fileID: 21300000, guid: 80791d653ff2d064f9505e8d19f16cb6, type: 3}
    - {fileID: 21300000, guid: 7ee99b6c5e76a8e4bb1bbb9b2e50b4a7, type: 3}
    - {fileID: 21300000, guid: 528ad1289fa1c8f428a5acdfba87cfe7, type: 3}
    - {fileID: 21300000, guid: 369ce4e75439e7347b045a25dd95b28d, type: 3}
    - {fileID: 21300000, guid: 51b61f4ec875880418b2af55645015d2, type: 3}
    - {fileID: 21300000, guid: 0ad08ffa46076954c8fe41355874d220, type: 3}
    - {fileID: 21300000, guid: 4fd64996c72e4504eba18c31c7519de6, type: 3}
    - {fileID: 21300000, guid: e9e5ac7ef6daa4c4b98f02dcef4d1109, type: 3}
    - {fileID: 21300000, guid: 32000d6bf78f88a48a78d25c06f42012, type: 3}
    - {fileID: 21300000, guid: 916c43a42dd23f84a8700fbf7f670657, type: 3}
    - {fileID: 21300000, guid: f2ee6ff2b526d084390fa8a0859c389c, type: 3}
    - {fileID: 21300000, guid: ebee3d8d385804c449ee216c08b11731, type: 3}
    - {fileID: 21300000, guid: 0489e6f47821cbb46900fe6fdb09952d, type: 3}
    - {fileID: 21300000, guid: be0a010c77b2be64eb46042deef3354d, type: 3}
    - {fileID: 21300000, guid: 72fc1094490fd9d40a48248384545f54, type: 3}
    - {fileID: 21300000, guid: 00e42712d928df741be5ed01a61c677a, type: 3}
    - {fileID: 21300000, guid: 527415fd008126140bf8a10b6bdb3837, type: 3}
    - {fileID: 21300000, guid: b5f5dd33d09af9a4f819e0aa86dba05a, type: 3}
    - {fileID: 21300000, guid: 8997f0d98884a024796fc32f78ba290d, type: 3}
    - {fileID: 21300000, guid: 78844868593be124583fc33a71bc4a16, type: 3}
    - {fileID: 21300000, guid: 5822694558ed22f4fba299ac9d78732e, type: 3}
    - {fileID: 21300000, guid: dbb8cdeafb5e69045bb069347c0c7c92, type: 3}
    - {fileID: 21300000, guid: edcf11aa892fd3545a5f4b4330078b38, type: 3}
    - {fileID: 21300000, guid: eae422e53ce6ca248b05513b09f73fb3, type: 3}
    - {fileID: 21300000, guid: ec77a2a344e355341b428c71851671e9, type: 3}
    - {fileID: 21300000, guid: b05db364af32c2743baed63b558158de, type: 3}
    - {fileID: 21300000, guid: 3e3cbd6b9ac2b384486cd64d6d0c099c, type: 3}
    - {fileID: 21300000, guid: 9108aaf9d81575241bc82e4b4f396569, type: 3}
    - {fileID: 21300000, guid: a6cb96c6f963a4541bb2aafb20064343, type: 3}
    - {fileID: 21300000, guid: a3e0c95993cc02f419f1561735c8ce8d, type: 3}
    - {fileID: 21300000, guid: 15254104fb10f894191a9cee4b5bb519, type: 3}
    - {fileID: 21300000, guid: ff90d0a19c118c648a48f490d40ee736, type: 3}
    - {fileID: 21300000, guid: 673da9505d0597c4689628a1b42a5ff7, type: 3}
    - {fileID: 21300000, guid: e9978b824e6926c4bb40b59feba6e2bf, type: 3}
    - {fileID: 21300000, guid: ded5fb09947eac943b1b75dda23d1bf5, type: 3}
    - {fileID: 21300000, guid: 8d9863fd1c2f57a44a9abd1063537710, type: 3}
    - {fileID: 21300000, guid: d1668578835483c4ba1057dfa3d082cf, type: 3}
    - {fileID: 21300000, guid: cae2e973c0da43442ba32b9955224b29, type: 3}
    - {fileID: 21300000, guid: 0b68c9153e1ab0e4e9e7413a10276950, type: 3}
    - {fileID: 21300000, guid: 537ae605fbf394c49952d3bfecafc34d, type: 3}
    - {fileID: 21300000, guid: 997810f718af405419337eae15eeb5a4, type: 3}
    - {fileID: 21300000, guid: 2adb867129367d04bba64109923208af, type: 3}
    - {fileID: 21300000, guid: 0f68fcdfbeb3ec747ae0cab8b7fd6574, type: 3}
    triggers: []
  - name: Grande Chaleco Reposo
    fps: 30
    frames:
    - {fileID: 21300000, guid: 0607dbb5a33b7eb46accddedac4c5d45, type: 3}
    - {fileID: 21300000, guid: 4961d19e61840894cb88d37a654bfbb7, type: 3}
    - {fileID: 21300000, guid: e9dd2f098556f2947b65fce28de599bc, type: 3}
    - {fileID: 21300000, guid: b090da0c936686e4385eb153c9fbe047, type: 3}
    - {fileID: 21300000, guid: 8d3174428cb651048b7b08ba244c3330, type: 3}
    - {fileID: 21300000, guid: c6e701a9a6dcec84cbd0478a733824a9, type: 3}
    - {fileID: 21300000, guid: 29bd9d59e1664364c8b828d4f58d1d9a, type: 3}
    - {fileID: 21300000, guid: bddf8e44ab409e54395932a6f4d38780, type: 3}
    - {fileID: 21300000, guid: 669f3f3e6f18a27448486bf07944c7cc, type: 3}
    - {fileID: 21300000, guid: de83f99e19d0797478700c6625bc29fc, type: 3}
    - {fileID: 21300000, guid: 664e0d7278152ab4aac054f14a043dd7, type: 3}
    - {fileID: 21300000, guid: bc9743fecf013fd4f8325e1551acf72b, type: 3}
    - {fileID: 21300000, guid: ca6892e7d131e8c409ed2d6caeb262c7, type: 3}
    - {fileID: 21300000, guid: 9230b78f6a7bc6c4d997126a1d7c37e9, type: 3}
    - {fileID: 21300000, guid: 70c4a12bdfd6aac48ad339779fe91bd7, type: 3}
    - {fileID: 21300000, guid: 0032d9ac83f2a4745a46e0f7dcbc8c79, type: 3}
    - {fileID: 21300000, guid: d8a3e597af9e0d54d9bdcd5df9452f7e, type: 3}
    - {fileID: 21300000, guid: 82f040c148828af4f98d404dc38f8a11, type: 3}
    - {fileID: 21300000, guid: ec3bf8d0eb3ff014e8d89377b6bc7e2e, type: 3}
    - {fileID: 21300000, guid: 51d9405bb27ce664f89071ca2592a34f, type: 3}
    - {fileID: 21300000, guid: 985f1690e04675b40a39eefbe65b1003, type: 3}
    - {fileID: 21300000, guid: d90c7b622e0685744a8b1ff79ce04467, type: 3}
    - {fileID: 21300000, guid: b2bbc668ca099d7459404f55530d9d0b, type: 3}
    - {fileID: 21300000, guid: 1fd27d7db20252d49a6e726aeea40507, type: 3}
    - {fileID: 21300000, guid: b23c6f50c4d6e014ab7ad98052115d5f, type: 3}
    - {fileID: 21300000, guid: e04efb0b40a8ae248a7567e79dde9676, type: 3}
    - {fileID: 21300000, guid: cb2907a1e54ca1244975783468b2fd55, type: 3}
    - {fileID: 21300000, guid: 82b9cee4f5a436549b1db3cf96f16de0, type: 3}
    - {fileID: 21300000, guid: 6d83ae59f93ac264490caa124a46dc66, type: 3}
    - {fileID: 21300000, guid: 9d908dc964ba944428b6445c2966b470, type: 3}
    - {fileID: 21300000, guid: 7b76539a4d23d384ba9b2103610b6f51, type: 3}
    - {fileID: 21300000, guid: 9014a6598bf395643a0a4b4d7ba3dfd7, type: 3}
    - {fileID: 21300000, guid: 584c3f28268b0a44cbcae810f6918b54, type: 3}
    - {fileID: 21300000, guid: 1f84f550c1c535a428bd9910ac009dc2, type: 3}
    - {fileID: 21300000, guid: a2553841ecc0c3f43b4a0e3d8fb3dda3, type: 3}
    - {fileID: 21300000, guid: 02b63fe436ab9194f97cd7e349064b0c, type: 3}
    - {fileID: 21300000, guid: 18f5ba39cfdbc3b4c8841b18a1bbe62c, type: 3}
    - {fileID: 21300000, guid: cd9450a737741654ba17f3d88dee8d64, type: 3}
    - {fileID: 21300000, guid: 1ee67d351d4732241a3e87ff3b9a7bac, type: 3}
    - {fileID: 21300000, guid: fb4792d3f71227a4fa51a0ae7fb07d0f, type: 3}
    - {fileID: 21300000, guid: 790782adf8007f4409b14f9edb9cc17c, type: 3}
    - {fileID: 21300000, guid: 9ef4e012bf9dee14bbde5a1e13310739, type: 3}
    - {fileID: 21300000, guid: 9816eb9c03aad154aa4a76137261ff4f, type: 3}
    - {fileID: 21300000, guid: 79d1c9ab61f95024391bd49e7245c96a, type: 3}
    - {fileID: 21300000, guid: 5733611fc36efc34a888315a9b15413a, type: 3}
    - {fileID: 21300000, guid: fbef77313864bbd44b1ea118303b8806, type: 3}
    - {fileID: 21300000, guid: 0499b6ce4961a3142b416b29c9598394, type: 3}
    - {fileID: 21300000, guid: 9d1a1b6435cd20b4092c811a0dce722a, type: 3}
    - {fileID: 21300000, guid: d739276286eb04c40ace593ff1eac464, type: 3}
    - {fileID: 21300000, guid: bb97a7a5304619641acc3b5e62f4eb59, type: 3}
    - {fileID: 21300000, guid: 02f224d69e16c914f83983d010541adb, type: 3}
    - {fileID: 21300000, guid: 28eb7f3ac6af9064dbf9116104742564, type: 3}
    - {fileID: 21300000, guid: 17317aeb5072274489018aac0c27353a, type: 3}
    - {fileID: 21300000, guid: ffe6fa06507ba78479b2da423f5de29d, type: 3}
    - {fileID: 21300000, guid: e39e42aacf35bcd4b9f00b3574506df1, type: 3}
    - {fileID: 21300000, guid: 4c3ac1aee508e8b4bb3626d7dd939a88, type: 3}
    - {fileID: 21300000, guid: 41c15d4a95bca0a48851b39009b0a543, type: 3}
    - {fileID: 21300000, guid: 4cc5569830a973841a74b7136882675e, type: 3}
    - {fileID: 21300000, guid: 98b0e9a8a2322b24eb45e60eb6dd80b5, type: 3}
    - {fileID: 21300000, guid: bb7a15ad656a0f442b290fab1a201604, type: 3}
    - {fileID: 21300000, guid: 00370ceb829a4534c80bc2caea140898, type: 3}
    - {fileID: 21300000, guid: 993428af56cfae74f99ce77e4d11236a, type: 3}
    - {fileID: 21300000, guid: 8deba43b75b1d474abb077b239c2c963, type: 3}
    - {fileID: 21300000, guid: 5c61d57fd86e9354bb9ce45b58fc3e9b, type: 3}
    - {fileID: 21300000, guid: 1c6a7809d9767f24eb82135780e79f19, type: 3}
    - {fileID: 21300000, guid: 912eb4498690f054ca6f2d53bc4449b5, type: 3}
    - {fileID: 21300000, guid: aa4128456216a7148a044811fee2ef85, type: 3}
    - {fileID: 21300000, guid: 46afc940b85e2cc45bacae1ab09ee4b6, type: 3}
    - {fileID: 21300000, guid: 62defa6ac035e544eadafb86c6fa66c8, type: 3}
    - {fileID: 21300000, guid: b0c8396dd2fdf12439d891678ad2b17c, type: 3}
    - {fileID: 21300000, guid: 2a3112e1f7a90d44a9d055c342841bd5, type: 3}
    - {fileID: 21300000, guid: ba51de49928149549909db4699feac33, type: 3}
    - {fileID: 21300000, guid: 14e6cdc54200f7a42a7feb926398e593, type: 3}
    - {fileID: 21300000, guid: f19bbdfd3316f714480b8452ec22f815, type: 3}
    - {fileID: 21300000, guid: 9810e89e13c0a464ba6375c8154e80cc, type: 3}
    - {fileID: 21300000, guid: 133b74eb50c49e746a603e98ede913dc, type: 3}
    - {fileID: 21300000, guid: d226b0efff8cdcb4c9999170a7dd6ae9, type: 3}
    - {fileID: 21300000, guid: 62f09ac5d1334bc47ae98b087f9a313f, type: 3}
    - {fileID: 21300000, guid: 625731890a242954286ab86b5400944e, type: 3}
    - {fileID: 21300000, guid: cae36d30202af5047a988aa91915e9b6, type: 3}
    - {fileID: 21300000, guid: 968df9acdd7a4f6479baf69bd493c244, type: 3}
    - {fileID: 21300000, guid: 8b9678315e761bb48a2398fd85a61ad8, type: 3}
    - {fileID: 21300000, guid: 802462d9ec184c648ae7e13f052dafb7, type: 3}
    - {fileID: 21300000, guid: dd8111fd5d4bad245b46dbfdbbb833b8, type: 3}
    - {fileID: 21300000, guid: 7274cefd51d7bdc49b78621960c59d5a, type: 3}
    - {fileID: 21300000, guid: 0fa07994c55be7a4888ab137d4c78452, type: 3}
    - {fileID: 21300000, guid: 0e556167a7ace1e4cb7070772b1b3e30, type: 3}
    - {fileID: 21300000, guid: 3403b6c2e8c442842b9be7773098844b, type: 3}
    - {fileID: 21300000, guid: 2adb20307058b4242be17d660593eeef, type: 3}
    - {fileID: 21300000, guid: 3a38ec2355b8b5b4fb654c5fa1e7a3c6, type: 3}
    triggers: []
  - name: "Grande Chaleco Da\xF1o Reposo"
    fps: 30
    frames:
    - {fileID: 21300000, guid: 746c31f926359554db0b5c505547020c, type: 3}
    - {fileID: 21300000, guid: dd2f002a5f8e85343b9b1048ae1cfa13, type: 3}
    - {fileID: 21300000, guid: 93fe177acf0640c4ba80df84daad3a6d, type: 3}
    - {fileID: 21300000, guid: 1ecc639136bda2e479e04f329e52eb36, type: 3}
    - {fileID: 21300000, guid: 505a31febcc532b4b8fcfa0a16fb2b14, type: 3}
    - {fileID: 21300000, guid: 6dbfd2f8ca433524da8a1f2a6f4b8e07, type: 3}
    - {fileID: 21300000, guid: a3d1506a09753484eaf2dfc929abbbd1, type: 3}
    - {fileID: 21300000, guid: 98c40ad4cc8da584db273231f97991d5, type: 3}
    - {fileID: 21300000, guid: 4528c86276b687e4a8a7ae55908b4aca, type: 3}
    - {fileID: 21300000, guid: e642be4506ad7f847ade1d60558c8eb5, type: 3}
    - {fileID: 21300000, guid: 42bcec3acafdee64f82f4e096ce76478, type: 3}
    - {fileID: 21300000, guid: ffe775c05af2127469fc165d6760a587, type: 3}
    - {fileID: 21300000, guid: ec3c02c27b980af44be66b302d77e9be, type: 3}
    - {fileID: 21300000, guid: 0f7301dc9e3e82343bb1c6eea2d9b7a8, type: 3}
    - {fileID: 21300000, guid: 9e3d81c375830b943a47ff9ea9008122, type: 3}
    - {fileID: 21300000, guid: 534d60be03e715943a86589c88f0c447, type: 3}
    - {fileID: 21300000, guid: 43faf26151525b24286d80e999fd99dd, type: 3}
    - {fileID: 21300000, guid: f984ded5d393de648968a76a79cada39, type: 3}
    - {fileID: 21300000, guid: 6bac7646d9cd22d45a53285cb4e0b9c0, type: 3}
    - {fileID: 21300000, guid: d0e36eeded047ff48acb6073dacd1b80, type: 3}
    - {fileID: 21300000, guid: a0b651fcf4ae0af438644a76321f3276, type: 3}
    - {fileID: 21300000, guid: efdefea7c96983f4b8a1e4043640b1f5, type: 3}
    - {fileID: 21300000, guid: a9a77b96ebfda2442bb601811b15e626, type: 3}
    - {fileID: 21300000, guid: eced36b75ab078740aeb51a1ec7f2cbc, type: 3}
    - {fileID: 21300000, guid: 5ddc7d5b086b710428785772718b5796, type: 3}
    - {fileID: 21300000, guid: 655a1079c6b0c63419cc9dc9128eb3a0, type: 3}
    - {fileID: 21300000, guid: 1238cd1513f73594e801f6687148d772, type: 3}
    - {fileID: 21300000, guid: 737980f0d2e03234e9ea09e5f6dc083c, type: 3}
    - {fileID: 21300000, guid: 8cfa116180fe61e458f669b4efdd3994, type: 3}
    - {fileID: 21300000, guid: 992197a2ca114fb4ba3f28e11aec298f, type: 3}
    - {fileID: 21300000, guid: 24c2f9ca45d10274183ad3953edb3189, type: 3}
    - {fileID: 21300000, guid: 7340e91ad2afa284abd156c609bbe468, type: 3}
    - {fileID: 21300000, guid: 9b85e72f2f5a8444b92ec6bf8af862a7, type: 3}
    - {fileID: 21300000, guid: 22fdc9c37b275464090804eb4b6402fd, type: 3}
    - {fileID: 21300000, guid: 641e64a329a4324499be74ad08d2ab76, type: 3}
    - {fileID: 21300000, guid: 712debc3007b35642bab6d9b57070dcb, type: 3}
    - {fileID: 21300000, guid: e6d17178475d11b4f97770d780c0fcb6, type: 3}
    - {fileID: 21300000, guid: 61c8a9f1e2921f546a2b42935bdafb8f, type: 3}
    - {fileID: 21300000, guid: 8387d7f6316bca74b9b4d7242e94a853, type: 3}
    - {fileID: 21300000, guid: 84b6ae693caeca541bf9d1995488be1c, type: 3}
    - {fileID: 21300000, guid: 7310811a4a0bef048904abae96e52a3e, type: 3}
    - {fileID: 21300000, guid: cdf5e0102ae9a564f87ce1d4d6cd25cd, type: 3}
    - {fileID: 21300000, guid: f6564de7706fbae4fbf1d7e2fb1aae3c, type: 3}
    - {fileID: 21300000, guid: e47778e51a0ad634ca62d52d433bef10, type: 3}
    - {fileID: 21300000, guid: 44aec63ce48947242bfea89a8dca3fd6, type: 3}
    - {fileID: 21300000, guid: 388b15bcbb3cd4b41bbb96d2614b6797, type: 3}
    - {fileID: 21300000, guid: 152054591e426a34b9588a617763080f, type: 3}
    - {fileID: 21300000, guid: 5486b7c8ff516f84b9827286dbdcfd99, type: 3}
    - {fileID: 21300000, guid: 0b1fc820d579a4b45b1037d8b9ad74b8, type: 3}
    - {fileID: 21300000, guid: 63c3089c53ebd8d49b7530b0ae1fe4d8, type: 3}
    - {fileID: 21300000, guid: 80caa7c32c7e8d146b54befc7adaabff, type: 3}
    - {fileID: 21300000, guid: 17c998d49c79792419f952a1a40a9231, type: 3}
    - {fileID: 21300000, guid: 920f30da8cfe09c458adc485617bb956, type: 3}
    - {fileID: 21300000, guid: dbd030a9c0f31f04993d97ac7417d09a, type: 3}
    - {fileID: 21300000, guid: 903ba03c2f1ed874bbbbd3be011af626, type: 3}
    - {fileID: 21300000, guid: bc1414c29fba62b48a7debf1b43f2792, type: 3}
    - {fileID: 21300000, guid: 094f5e85c914dc647b840e9bc60a8b04, type: 3}
    - {fileID: 21300000, guid: 0df8694af3bbfbd408a5a63b5fa5605d, type: 3}
    - {fileID: 21300000, guid: 3764943aa73a48a45ae71b6a8bad35c3, type: 3}
    - {fileID: 21300000, guid: cd1d6cdb59fd5ba4c91ba3cda9d9c8f8, type: 3}
    - {fileID: 21300000, guid: d80f2f749aaa4434fb6ee7ecd28053f3, type: 3}
    - {fileID: 21300000, guid: 5a0abd7025e1c6b4ebb90b0dd24b56c1, type: 3}
    - {fileID: 21300000, guid: ff5fd6a9ac1e77d4184d836770ab702a, type: 3}
    - {fileID: 21300000, guid: 53be864354a08d64999eb423d94f4bc6, type: 3}
    - {fileID: 21300000, guid: c03c45640e339c343b7b4a31b49fa6e4, type: 3}
    - {fileID: 21300000, guid: d80465eaa9de4894e974e0fe3ba8ab2d, type: 3}
    - {fileID: 21300000, guid: bd3f9044165a8ef4ab2ae7a2ea4bcab7, type: 3}
    - {fileID: 21300000, guid: 44ec94fd8e51efa4ba00b6c82abe2ade, type: 3}
    - {fileID: 21300000, guid: 495d0d86cd1e18940a0ef29e115539f7, type: 3}
    - {fileID: 21300000, guid: b8bd220cb008a1a489b6e50b8bba0a54, type: 3}
    - {fileID: 21300000, guid: f4b668d7de9a3074885f86ce9576c264, type: 3}
    - {fileID: 21300000, guid: 3dfb612a221362044a114fb1a482abb1, type: 3}
    - {fileID: 21300000, guid: 82933ba831fb7f645a82fe4cd3aab8af, type: 3}
    - {fileID: 21300000, guid: 2954139b5231d714cbc741dad252f37c, type: 3}
    - {fileID: 21300000, guid: f397422a4473de2409c4ccb2787cd6d6, type: 3}
    - {fileID: 21300000, guid: 91ab097b3ae67944aaaa3f18e49f94a0, type: 3}
    - {fileID: 21300000, guid: 22f0cf902f184104f88b001892311099, type: 3}
    - {fileID: 21300000, guid: 30acf6dd4d515a94aac6d65179285fb0, type: 3}
    - {fileID: 21300000, guid: e9f31aef7cd4c9a42b30e67e8ef2490d, type: 3}
    - {fileID: 21300000, guid: b7c99e4d1a341094485b6b758dd5602e, type: 3}
    - {fileID: 21300000, guid: 4c6e3078b858672438b2ea30fcc8417b, type: 3}
    - {fileID: 21300000, guid: 21f078f9099432248a4628c5435eb58a, type: 3}
    - {fileID: 21300000, guid: 8b2f00846d8912643aa626854d1de168, type: 3}
    - {fileID: 21300000, guid: 6429e39ab28e28747a0e679441f22144, type: 3}
    - {fileID: 21300000, guid: cd9d33945c505cb46bbe1330d0cd472f, type: 3}
    - {fileID: 21300000, guid: f73eebe54cfb44942a4fb7ee59ae3b24, type: 3}
    - {fileID: 21300000, guid: 42a5e3e6aa9ed54409577fa80e9a0dab, type: 3}
    - {fileID: 21300000, guid: 7f0415df34d8cc544af2a9c9fc2dded1, type: 3}
    - {fileID: 21300000, guid: a43d53faed8c73246998f3ad2739d1f3, type: 3}
    - {fileID: 21300000, guid: f01485bb8d64bb44cb9198fd479e91c7, type: 3}
    triggers: []
  - name: "Grande Chaleco Da\xF1o Ataque"
    fps: 30
    frames:
    - {fileID: 21300000, guid: e97ddcbbdcc7b734fa2bb60ed138fd42, type: 3}
    - {fileID: 21300000, guid: fa62fef162d78484abd672908acd04fa, type: 3}
    - {fileID: 21300000, guid: bbbcabb97dbbc0c4b9b513fa46469b52, type: 3}
    - {fileID: 21300000, guid: 9373ba05c6370f2479f19e5fa6d12abc, type: 3}
    - {fileID: 21300000, guid: 841866284650c444e837740c110fbd56, type: 3}
    - {fileID: 21300000, guid: 74f3c94259ce48c40b7af052a778d1ff, type: 3}
    - {fileID: 21300000, guid: 62a1c3b8b7ed7f042bb389381874db8d, type: 3}
    - {fileID: 21300000, guid: 98a7807eb18edeb46b182d7b467e2149, type: 3}
    - {fileID: 21300000, guid: f09c5372bf384c644878eb6281834026, type: 3}
    - {fileID: 21300000, guid: 248821693c94166418db2de49c45e385, type: 3}
    - {fileID: 21300000, guid: 01dfbc03364b0e349b809ac3c391167f, type: 3}
    - {fileID: 21300000, guid: 8d7d75468f04dae4d9bd2dbf209a8787, type: 3}
    - {fileID: 21300000, guid: ce3842c4f5b3985449c6d8444bee1ebf, type: 3}
    - {fileID: 21300000, guid: b97b7186599b6a044b3073367bedd984, type: 3}
    - {fileID: 21300000, guid: ab0c74157af354a43baf6625c08aa7c9, type: 3}
    - {fileID: 21300000, guid: 6faca95619d400445a72e6491b772065, type: 3}
    - {fileID: 21300000, guid: d00a627532ff84b459720b49122dc665, type: 3}
    - {fileID: 21300000, guid: 73221db9f38e7374fb1f94b3ddeffe00, type: 3}
    - {fileID: 21300000, guid: e28f5b18ae6615d49a4a42bb081e260c, type: 3}
    - {fileID: 21300000, guid: 02d8e6d7de79a7c47a3aaf054d9572dd, type: 3}
    - {fileID: 21300000, guid: f659b49aadca7f940a9d28e2df1206ef, type: 3}
    - {fileID: 21300000, guid: e689926c9e3fa8641a430dfb2fbb9bcd, type: 3}
    - {fileID: 21300000, guid: 5b2ad9a059673c8469cf15ddb672a31d, type: 3}
    - {fileID: 21300000, guid: bd39243590056914f9f6f840b42a0319, type: 3}
    - {fileID: 21300000, guid: c932a5e3569eb314184ea8c82445ceb3, type: 3}
    - {fileID: 21300000, guid: ceab87266528534458a8b9c57c40db34, type: 3}
    - {fileID: 21300000, guid: 5a496ff0b94f3074b9a6649342adc39c, type: 3}
    - {fileID: 21300000, guid: 3991777b2735dda41b23a309d186d98c, type: 3}
    - {fileID: 21300000, guid: 02c1367955b007d48ac38c96a1f2628f, type: 3}
    - {fileID: 21300000, guid: 07e37f8d68d18db4c982ef2f14a4e800, type: 3}
    - {fileID: 21300000, guid: ed9ac4f96cae49a41a53a70518dbc267, type: 3}
    - {fileID: 21300000, guid: ffdedc189ffc2da4897d026a56f2c170, type: 3}
    - {fileID: 21300000, guid: c3512561b2cb54846beb08447e8a5c82, type: 3}
    - {fileID: 21300000, guid: 4a051f3d532e0fb4bac8a7b9050ae8eb, type: 3}
    - {fileID: 21300000, guid: 78fa4e9fc365727428392c97a10bac80, type: 3}
    - {fileID: 21300000, guid: 5a36dfc9e64fc2445b450414e131bb8b, type: 3}
    - {fileID: 21300000, guid: 06d7c629b2712024b9895c6e3d676dc5, type: 3}
    - {fileID: 21300000, guid: 3e82ac9ceb512574c89d94d71ebcc000, type: 3}
    - {fileID: 21300000, guid: 1d3a348228fcd9a439ef77d9fc27ae90, type: 3}
    - {fileID: 21300000, guid: c2e3b516efbd6f241a8c97f6f545ff95, type: 3}
    - {fileID: 21300000, guid: 2e3ac14a48822de448896b7bfb2cc1e3, type: 3}
    - {fileID: 21300000, guid: 07d729fd50ec1c04da53117bdcdce4f4, type: 3}
    - {fileID: 21300000, guid: f6479c1de13a18946a6011a9bfd28157, type: 3}
    - {fileID: 21300000, guid: 73a60940ccd5410419fd444bfb2f34b2, type: 3}
    - {fileID: 21300000, guid: 8f139d30498a7cf4eb8a7330fd8c6aae, type: 3}
    - {fileID: 21300000, guid: b538702aa255d164e96e8211efdd2091, type: 3}
    - {fileID: 21300000, guid: a14a5fd9337d5b448ba6ba902ef4787d, type: 3}
    - {fileID: 21300000, guid: c4aa46eaf1516d1499639edff907d650, type: 3}
    - {fileID: 21300000, guid: 148431394ac73864a92129f1ec20d401, type: 3}
    - {fileID: 21300000, guid: a971bbc4990c1794cb808f8ba6fb6119, type: 3}
    - {fileID: 21300000, guid: 09cd1a6ae0be10b4099cbbe36696f7c2, type: 3}
    - {fileID: 21300000, guid: 108b0bb4cd2e3d94aa353d18ce95ab70, type: 3}
    - {fileID: 21300000, guid: 00914caa20089064ab020aa9f68b87b1, type: 3}
    - {fileID: 21300000, guid: e42841a5ecb25f1489ca6e86f713feb6, type: 3}
    - {fileID: 21300000, guid: 2f2cd50dc0ab9fe45a194ee5e3324e04, type: 3}
    - {fileID: 21300000, guid: d5f2ad52d2b568f4ab2ce3228a584c35, type: 3}
    - {fileID: 21300000, guid: 0280bd3a3f11dcd438a10fd98920e647, type: 3}
    - {fileID: 21300000, guid: 026a77f63738ca54facb478188bea9a5, type: 3}
    - {fileID: 21300000, guid: 2c8679a60f9e5b04085b1e6819aa8faa, type: 3}
    - {fileID: 21300000, guid: f643c5403d86eaa4f99796f68276bbfc, type: 3}
    - {fileID: 21300000, guid: d4b493dae9d32f240813163b5ffe13b8, type: 3}
    - {fileID: 21300000, guid: 25cdd56680b67a74282edcbb93a9d8e1, type: 3}
    - {fileID: 21300000, guid: 42d076dd30579f744a7623aeee417579, type: 3}
    - {fileID: 21300000, guid: b16efc41fd8e578409ef00fa16ebfdc8, type: 3}
    - {fileID: 21300000, guid: fb21766e8cd67774b8cabca1908756f2, type: 3}
    - {fileID: 21300000, guid: d9769d93cfe689a449842eab0cca76ec, type: 3}
    - {fileID: 21300000, guid: f11f5ccd0717c1f4f9b6e34d64c0e2bc, type: 3}
    - {fileID: 21300000, guid: 2b54905f254bc6248893847b46995294, type: 3}
    - {fileID: 21300000, guid: 10ee4faf0e2b470409a7222ac6a0db52, type: 3}
    - {fileID: 21300000, guid: b4ed2ff7b1b0f7742a67bff18a130d6e, type: 3}
    - {fileID: 21300000, guid: 994dc0616b2c90b48a82685ca216a9e6, type: 3}
    - {fileID: 21300000, guid: 3b41e4f8f09803b4b910f0da8f507526, type: 3}
    - {fileID: 21300000, guid: be06d3d3fa8a53443b152010a44190e4, type: 3}
    - {fileID: 21300000, guid: 299a51ffd0585764fbbabab8288f9cd3, type: 3}
    - {fileID: 21300000, guid: 91c3d33665427fc4484721d79f674c09, type: 3}
    - {fileID: 21300000, guid: 56147910f1cac7f49b93473f5356f962, type: 3}
    - {fileID: 21300000, guid: ee79c10f7525d8d4fbe6647f6171661c, type: 3}
    - {fileID: 21300000, guid: d107a651cf151354ea1c0ecf2aae4c6d, type: 3}
    - {fileID: 21300000, guid: b0d5e182680b31f4ea9d3c413de68bf7, type: 3}
    - {fileID: 21300000, guid: 29115fb0e6420ab44b1d839e01c74008, type: 3}
    - {fileID: 21300000, guid: ba3ac797d0e624c4288ba0a7f3d76dd5, type: 3}
    - {fileID: 21300000, guid: 075c10740feb90d40b60b389b759364e, type: 3}
    - {fileID: 21300000, guid: 95aa94efea623a24e8931dd821bb7805, type: 3}
    - {fileID: 21300000, guid: da4fb37a00eac4e4b8a385ff12d1ca5c, type: 3}
    - {fileID: 21300000, guid: ffeb5e71c17103c458e1a4b9b4ce6865, type: 3}
    - {fileID: 21300000, guid: 4eed54ef04aff574a87ecb2ad4a26ecb, type: 3}
    - {fileID: 21300000, guid: 305238cb4a26dce439b4a7543bcfe35b, type: 3}
    - {fileID: 21300000, guid: 0162dcbfb472fe141abb6833319a7731, type: 3}
    - {fileID: 21300000, guid: a8fc43c7acabc154bbf4276ee4f8527d, type: 3}
    triggers: []
  - name: "Grande Chaleco Da\xF1o Muerte"
    fps: 30
    frames:
    - {fileID: 21300000, guid: a97b606399e77e8449087f286e5a1c20, type: 3}
    - {fileID: 21300000, guid: cd18eba488d496c449bc5698977a6abc, type: 3}
    - {fileID: 21300000, guid: eace02694f901c847b39057963d25b7a, type: 3}
    - {fileID: 21300000, guid: f7bf094608c71db43a7f29afddce9373, type: 3}
    - {fileID: 21300000, guid: aa3a905aed22295489774a94c5df157b, type: 3}
    - {fileID: 21300000, guid: ea67d0be9e8fb92479147138e1821afe, type: 3}
    - {fileID: 21300000, guid: 3ea70cab7dcb2b54394beeed7c77f79e, type: 3}
    - {fileID: 21300000, guid: 9cdf08df734a9974a82673ff48f12085, type: 3}
    - {fileID: 21300000, guid: 7409d232d3d08dc45938ddc269d37750, type: 3}
    - {fileID: 21300000, guid: d4a3370b62f58044bbc942769f2fb7fb, type: 3}
    - {fileID: 21300000, guid: 5d18715e285988a4794a1e42a807a84a, type: 3}
    - {fileID: 21300000, guid: 3659c02faa1f5634db22f76d8a162edc, type: 3}
    - {fileID: 21300000, guid: 0acc705e3deea0e4fa72c675c7741f29, type: 3}
    - {fileID: 21300000, guid: 305e23b988e12f2429904fc3c41c0377, type: 3}
    - {fileID: 21300000, guid: 9b184c6e9e4f4aa41be885a2060178ee, type: 3}
    - {fileID: 21300000, guid: 1467c0daa7860d84aac98ed43de1630a, type: 3}
    - {fileID: 21300000, guid: 0d001923287af864d9ce8a880261aecf, type: 3}
    - {fileID: 21300000, guid: a620fb91bf2d5e3489f3677bf9a9614e, type: 3}
    - {fileID: 21300000, guid: 0431e07f1aae9d340857f635713193d6, type: 3}
    - {fileID: 21300000, guid: e6042d4ad9ade3a4e8f8308ecdd73fcf, type: 3}
    - {fileID: 21300000, guid: 1b5b78ed239761448a03b6355f38596f, type: 3}
    - {fileID: 21300000, guid: 4d3c88a95d025c9468eda2d912565de4, type: 3}
    - {fileID: 21300000, guid: e0d848bcd47708b4fad058a6e2db9666, type: 3}
    - {fileID: 21300000, guid: 9240377acfd7913498b2b78b1c4cf4bf, type: 3}
    - {fileID: 21300000, guid: fff91bd57a56c7549b1f8a0ccfc7bc00, type: 3}
    - {fileID: 21300000, guid: a1efc23cb8d4e9f48becbc7b2546e827, type: 3}
    - {fileID: 21300000, guid: b12fb514876b5ed46b1875089816dd08, type: 3}
    - {fileID: 21300000, guid: 45aa18e37d0ce774592884f0f4069416, type: 3}
    - {fileID: 21300000, guid: edc69d7243c802f4591d6bd2edb6038c, type: 3}
    - {fileID: 21300000, guid: 78c0f0cd09ff2b044a7961070f7a0477, type: 3}
    - {fileID: 21300000, guid: 92589528a4ac8264cb0bc566cd167896, type: 3}
    - {fileID: 21300000, guid: e4a26a40e290a044eb93b484180d34f3, type: 3}
    - {fileID: 21300000, guid: ba1d486350fe18d42bd68cc02ad96d09, type: 3}
    - {fileID: 21300000, guid: f8f6efb67a04b264db7ec73347892326, type: 3}
    - {fileID: 21300000, guid: 51675a554130b764e9a039da8a8d0e24, type: 3}
    - {fileID: 21300000, guid: f4a1198cd3f375d4492a785d0f06f299, type: 3}
    - {fileID: 21300000, guid: e867185e808d108408c36afc3436d590, type: 3}
    - {fileID: 21300000, guid: dadffcb82e803c245be766934a9583fd, type: 3}
    - {fileID: 21300000, guid: 587b39ccfd293ea49a535da6593a92e0, type: 3}
    - {fileID: 21300000, guid: ce704bbc5a3b52c4abf63fab3f9782e1, type: 3}
    - {fileID: 21300000, guid: ee7215ee745e5c248a309b2250baf5ad, type: 3}
    - {fileID: 21300000, guid: 829f81865aa9db6428e1e78e86ca0814, type: 3}
    - {fileID: 21300000, guid: 54ef21eeefd1fb54a82e4afa92283c42, type: 3}
    - {fileID: 21300000, guid: 929c400f9beda38448f5d2b768836cad, type: 3}
    triggers: []
  - name: Grande Desnudo Reposo
    fps: 30
    frames:
    - {fileID: 21300000, guid: a21bf6dbda8db5047b9e88c6c4e716f4, type: 3}
    - {fileID: 21300000, guid: 15c31cc4f2e25c040b1760e18d79efde, type: 3}
    - {fileID: 21300000, guid: 37e635c2dab4d134f8e972a533e06711, type: 3}
    - {fileID: 21300000, guid: 9eccda5edcc48c341b10f275e6f6abf1, type: 3}
    - {fileID: 21300000, guid: b1b8ba067eff13a48b9cd93fb695749f, type: 3}
    - {fileID: 21300000, guid: 0a8fa9a2bb160fd42bec18651c639983, type: 3}
    - {fileID: 21300000, guid: 6f6abb4dd35f7da4ea74a237facfd3f5, type: 3}
    - {fileID: 21300000, guid: 2d1ddfc5ee14dfb4e960f21c47a12491, type: 3}
    - {fileID: 21300000, guid: 251ad3cd1296e9644915de2b828d115f, type: 3}
    - {fileID: 21300000, guid: 269c173d6e14d2049836ae88a382d233, type: 3}
    - {fileID: 21300000, guid: d5fc16d44d9f41146a594578c08b7f4c, type: 3}
    - {fileID: 21300000, guid: 8e3691dbc49e5c840944c20b7660ac4c, type: 3}
    - {fileID: 21300000, guid: 69a01df759e854c4396064c0dd7d138d, type: 3}
    - {fileID: 21300000, guid: 0556a31c4d4e6ad479383bb807d64315, type: 3}
    - {fileID: 21300000, guid: e81061a8e2719a14dac7dc99470a46d2, type: 3}
    - {fileID: 21300000, guid: 1b7860307104dd949a9ffeafe86a20a4, type: 3}
    - {fileID: 21300000, guid: a95dd8845ba1c5640992fcc44b0a4533, type: 3}
    - {fileID: 21300000, guid: 079e0d64d58d41a458072550f9b3ccdb, type: 3}
    - {fileID: 21300000, guid: 204904e37b609a441a47878629f3d8bc, type: 3}
    - {fileID: 21300000, guid: c6b33f1b9ecf70a4f90dfc8a9212fe5f, type: 3}
    - {fileID: 21300000, guid: 7359392eae3a3b94a9fde955f70fba6e, type: 3}
    - {fileID: 21300000, guid: 78b6f547e2600a342990fb60fe896fe7, type: 3}
    - {fileID: 21300000, guid: f6253467193652749814fb0748812426, type: 3}
    - {fileID: 21300000, guid: 208b6d430aa342947b2b3ba26b1d2b07, type: 3}
    - {fileID: 21300000, guid: 57c3105410c6ecb4683ecbdc99c69ee5, type: 3}
    - {fileID: 21300000, guid: 0378663115e85414ebd7b11e10fdabdb, type: 3}
    - {fileID: 21300000, guid: b36d4f675c5535647b05a8c6be0e9524, type: 3}
    - {fileID: 21300000, guid: 3db5409570d78d748a9941cebd8fcd45, type: 3}
    - {fileID: 21300000, guid: 2a3824d67f8c41e4b8d914f470eca7cf, type: 3}
    - {fileID: 21300000, guid: 96251156abc11a040a7f2c06fe8e0ac0, type: 3}
    - {fileID: 21300000, guid: 8b48607bf3e7d514fb0b4dc13ea0bd57, type: 3}
    - {fileID: 21300000, guid: 8fdf6806d8b736644b0678ac2fad0727, type: 3}
    - {fileID: 21300000, guid: e1682a1c074b73940bc61e8e9f983e1e, type: 3}
    - {fileID: 21300000, guid: 67a0814916d043f46b6a83d8d2e2f179, type: 3}
    - {fileID: 21300000, guid: 5b11cf6de2573fe428139f0e1e504e77, type: 3}
    - {fileID: 21300000, guid: 34106bd583ff20f41b0929e5d3131c0f, type: 3}
    - {fileID: 21300000, guid: 047d8e5c23e7b4543838a695b6f9760d, type: 3}
    - {fileID: 21300000, guid: 7eedf3e0e10f70b449bbe0a09f8fce71, type: 3}
    - {fileID: 21300000, guid: 290f76fff26857f4a94fb0ea7655f74a, type: 3}
    - {fileID: 21300000, guid: 8517a710f1855244f8391bf9992c9c03, type: 3}
    - {fileID: 21300000, guid: eed6c00e5cf5bc84790b369d7e7ec834, type: 3}
    - {fileID: 21300000, guid: 8259685416d770847a70972098b1fd9d, type: 3}
    - {fileID: 21300000, guid: 97717ccacfc0c544d9e221f8111e3ac5, type: 3}
    - {fileID: 21300000, guid: 67e5f0e311c8d4c45bde3b12007f0539, type: 3}
    - {fileID: 21300000, guid: de0e1f0ccce1ee8428f79a6b7820f2d6, type: 3}
    - {fileID: 21300000, guid: 13b40b07c6fbe1048b6506057dfee609, type: 3}
    - {fileID: 21300000, guid: da5adf6e2d1b9a2488222e9d41e0e593, type: 3}
    - {fileID: 21300000, guid: d103fb58f75609247ace5c0277bf8771, type: 3}
    - {fileID: 21300000, guid: b7f68d0ea6fe62e499307c04102d1bc7, type: 3}
    - {fileID: 21300000, guid: aa4f167d8c8111c42845ba694f98d127, type: 3}
    - {fileID: 21300000, guid: f4baa5db1b0b9354f863bee4db0a9d3d, type: 3}
    - {fileID: 21300000, guid: efab30a2f71776d4fb1b5bdf854e92d5, type: 3}
    - {fileID: 21300000, guid: 5429feb04f618f142ab2882c37915559, type: 3}
    - {fileID: 21300000, guid: e98ade8e1d079ab4b9ca6656246b75dd, type: 3}
    - {fileID: 21300000, guid: a75c1cf42908c3c428b3e88b35d4f272, type: 3}
    - {fileID: 21300000, guid: 377c8a6ee3b1c784c8a8a55393f7db28, type: 3}
    - {fileID: 21300000, guid: ebb2672afb078694cb73747b8d06a5b1, type: 3}
    - {fileID: 21300000, guid: c7c44c35e1fae7341985385f1b18a32f, type: 3}
    - {fileID: 21300000, guid: 7590915e8ca800142804987560ae18eb, type: 3}
    - {fileID: 21300000, guid: 0b2e7a3e5fc86904c83c42c4b254b910, type: 3}
    - {fileID: 21300000, guid: 190cfbc280ffc794fa7e4c5f33681042, type: 3}
    - {fileID: 21300000, guid: b4114c3f6759edf478b1e7fdb3ca73dc, type: 3}
    - {fileID: 21300000, guid: 40a8b75968e21dc4bafa8de4ea6f7493, type: 3}
    - {fileID: 21300000, guid: 2d7b3384adab4924999b52810ec1c8c8, type: 3}
    - {fileID: 21300000, guid: 464f2e12db431ec4c9ac9f5f0206b61e, type: 3}
    - {fileID: 21300000, guid: 36b4130d4fd43134399f83a4192537b3, type: 3}
    - {fileID: 21300000, guid: f821cd90e83e4f54e8ad19f22fe127b2, type: 3}
    - {fileID: 21300000, guid: c31ee111ca51d2e4a9ad9df841f0152b, type: 3}
    - {fileID: 21300000, guid: 1ed9d4bfcf4971d4d9cde4f0e1f71091, type: 3}
    - {fileID: 21300000, guid: 5405678c6abe6ec4db49a7d2ef79313c, type: 3}
    - {fileID: 21300000, guid: 0c8b5a0d55d4f3f4dab556d398c4723d, type: 3}
    - {fileID: 21300000, guid: 2366ff1971e926d41a130e6a8ef9cb61, type: 3}
    - {fileID: 21300000, guid: 13020cfdce471fd458ddd804aced3abf, type: 3}
    - {fileID: 21300000, guid: 27b790150c7bc76429c4ca3a171758c7, type: 3}
    - {fileID: 21300000, guid: db1fca028f2af4f4199c639ad9bbedfb, type: 3}
    - {fileID: 21300000, guid: 7275eb3d896e6b9499d39e6320f8a7d4, type: 3}
    - {fileID: 21300000, guid: 6f2e37ce28871bf4f8481b2e85ff75f9, type: 3}
    - {fileID: 21300000, guid: a5e3daaabb86ac24781e3ce487c44b7f, type: 3}
    - {fileID: 21300000, guid: 1ac52911d9ddf8a4ab436073ba0e921d, type: 3}
    - {fileID: 21300000, guid: 1e2a63f1120c5324289b08bc28507e82, type: 3}
    - {fileID: 21300000, guid: ce6a9e3e00550f443ba84e84c34fe2c6, type: 3}
    - {fileID: 21300000, guid: 4ac09538f1a406b47a52a3adc844816b, type: 3}
    - {fileID: 21300000, guid: 16e5e5a2cc8d8b04b87ebb405e0a0726, type: 3}
    - {fileID: 21300000, guid: 3c7dbb5602eba4b47a386f8a8837e581, type: 3}
    - {fileID: 21300000, guid: eb24ea25fccd77a4c8364dec440c2277, type: 3}
    - {fileID: 21300000, guid: 8ee0b7bba2819e64f9ece91f034e8774, type: 3}
    - {fileID: 21300000, guid: 2c50b72d539cf3640960192c49eacc06, type: 3}
    - {fileID: 21300000, guid: 30451ec3f1db1f0409ebe9624733a122, type: 3}
    - {fileID: 21300000, guid: 60ebe32649db0a24f8e28eef6917fed7, type: 3}
    - {fileID: 21300000, guid: 017c440bb08d48c4abea6ca31e699cc7, type: 3}
    triggers: []
  - name: Grande Desnudo Ataque
    fps: 30
    frames:
    - {fileID: 21300000, guid: 9f018f2ed33d6a34c8da1f8232f3c8b0, type: 3}
    - {fileID: 21300000, guid: 3e5eef758eae1c846ad7d51f64048560, type: 3}
    - {fileID: 21300000, guid: 6f69c1aab78ebd14a9c5c12d212f6fae, type: 3}
    - {fileID: 21300000, guid: 857ef656f6656bd40a4d1894227b17ac, type: 3}
    - {fileID: 21300000, guid: 8ba5b0fda5b9b984ba7a9b723c381d84, type: 3}
    - {fileID: 21300000, guid: 4034df91888ac5543afd1b000923a930, type: 3}
    - {fileID: 21300000, guid: a0bd7beefb3e77f42b77794f1019c53e, type: 3}
    - {fileID: 21300000, guid: 669380452e056494ebaca24cca84ae23, type: 3}
    - {fileID: 21300000, guid: 587c7a53d9551a8409fec84516f83749, type: 3}
    - {fileID: 21300000, guid: 9c3a8c7f18cbf4544a438fe0e5ed4e23, type: 3}
    - {fileID: 21300000, guid: c89697d911aea2f48a2ff03ce090f44b, type: 3}
    - {fileID: 21300000, guid: 59fb7a37e2a36de44af51b75cfa52239, type: 3}
    - {fileID: 21300000, guid: 934ab4500703f7d4d91e74c2e5a9070a, type: 3}
    - {fileID: 21300000, guid: c7ab9b254c184f242932b428ca380001, type: 3}
    - {fileID: 21300000, guid: 7202e446dd2c750458c41e910807962f, type: 3}
    - {fileID: 21300000, guid: 962efb0762adb5b4e83e6f6d9f6c9ef8, type: 3}
    - {fileID: 21300000, guid: 9bf8c7108ca81fd419bd8fcaa82d7488, type: 3}
    - {fileID: 21300000, guid: a5be335104564dd42a20b8cfc1754b2f, type: 3}
    - {fileID: 21300000, guid: 8d5b1a5312ecaf040a568bd65f6e3876, type: 3}
    - {fileID: 21300000, guid: c3bc870425259274b81099bd80381a87, type: 3}
    - {fileID: 21300000, guid: 035e592b7c262484caaf3a74985e1724, type: 3}
    - {fileID: 21300000, guid: 82f1d5d014e23fb45b55ed97952ad208, type: 3}
    - {fileID: 21300000, guid: 7b08b3178ec08cc4d9b74b27d7a898f3, type: 3}
    - {fileID: 21300000, guid: 0f64c6858020b7f4eb05a54af7a7bd62, type: 3}
    - {fileID: 21300000, guid: 606f3dfa2fb3d3545bda7effac3a119e, type: 3}
    - {fileID: 21300000, guid: 979b5a0097d020b4f975528dd558328e, type: 3}
    - {fileID: 21300000, guid: f7cacfb6cf6ba7e4cacb985bae89f4c6, type: 3}
    - {fileID: 21300000, guid: 3e5d803c2350ef443858ed39be87a627, type: 3}
    - {fileID: 21300000, guid: e4d8182612331534fbc17dce01238cfd, type: 3}
    - {fileID: 21300000, guid: d9019e10000e2714292ae0170a8d205c, type: 3}
    - {fileID: 21300000, guid: d9e2b0128ebe3ce469e146b0e1125366, type: 3}
    - {fileID: 21300000, guid: 3509c347ed57fff44bcc44ca20abaf61, type: 3}
    - {fileID: 21300000, guid: de3bed85009b59c45aa50e3f0c28e777, type: 3}
    - {fileID: 21300000, guid: 3ef501b7b8eb53f47a1082b964afa93c, type: 3}
    - {fileID: 21300000, guid: e760cc211a9ac474a9c6d83d7458a0ae, type: 3}
    - {fileID: 21300000, guid: e3632f0cc30ce6347bc488d5c59699ad, type: 3}
    - {fileID: 21300000, guid: 24e0e3ab85d72d647b2a1cf8c3f6a0db, type: 3}
    - {fileID: 21300000, guid: 0bcf3bf3f47658c41897173ae2ba3c99, type: 3}
    - {fileID: 21300000, guid: e712656f586c7e04c9f087fd39d26af7, type: 3}
    - {fileID: 21300000, guid: 33794d381a855d6418dc0bd7dbc16ba3, type: 3}
    - {fileID: 21300000, guid: 8317f1234c389d146960f45b93b430f6, type: 3}
    - {fileID: 21300000, guid: 9c5b50fe98f856d47b4db8cf97d49055, type: 3}
    - {fileID: 21300000, guid: 9372263ccc0dd604b879373f1610dff9, type: 3}
    - {fileID: 21300000, guid: bcdc90ac89b35ca48b5bcca4c7a65b8a, type: 3}
    - {fileID: 21300000, guid: 441183fa14171e141ac0eac0523fcdfc, type: 3}
    - {fileID: 21300000, guid: 3978c00dcdc218f47b9dca4457524b69, type: 3}
    - {fileID: 21300000, guid: 660dc61a797b134449ed3d253ebe7ad1, type: 3}
    - {fileID: 21300000, guid: 7c7d8b06a8ed15546a5c52e4908de4da, type: 3}
    - {fileID: 21300000, guid: 8a3c69db30f887c40ad5431d1938ff1b, type: 3}
    - {fileID: 21300000, guid: 72c09b30164502c4195f8dfb6303b5e0, type: 3}
    - {fileID: 21300000, guid: d83a6a29a877819418a1b857361b4ec7, type: 3}
    - {fileID: 21300000, guid: c4b8f492ee3c481449ef7e3bfe72d133, type: 3}
    - {fileID: 21300000, guid: 3dbed5a676ee8a5468b8ab819e7292f8, type: 3}
    - {fileID: 21300000, guid: 0c11e38532ffedb4980cfed3854bc6cf, type: 3}
    - {fileID: 21300000, guid: 95ee3a0e197f93f4998d7fa8955235c0, type: 3}
    - {fileID: 21300000, guid: c1432c9c62f6b2c4498e993257ab6d07, type: 3}
    - {fileID: 21300000, guid: c6818b9df1ccb554ca64fc3eb0f1f0b3, type: 3}
    - {fileID: 21300000, guid: 8287b941500f35a41a3482ae9d789ec4, type: 3}
    - {fileID: 21300000, guid: 1074c0f1ec02a4e4e976cd649827a788, type: 3}
    - {fileID: 21300000, guid: b7f8bdb443e546143846be0a56233270, type: 3}
    - {fileID: 21300000, guid: b7f8bdb443e546143846be0a56233270, type: 3}
    - {fileID: 21300000, guid: 3fd0a4852dba3774c91a70dba7e7a55c, type: 3}
    - {fileID: 21300000, guid: f18af784230470041b42a53f5ac1f4a7, type: 3}
    - {fileID: 21300000, guid: 85da8b1f9fb3590418b826bcd35f92f0, type: 3}
    - {fileID: 21300000, guid: 43091328eaf9def4c87a50ede29927d3, type: 3}
    - {fileID: 21300000, guid: bfe0f04c8cfc9ea4d8af4898bfa6e851, type: 3}
    - {fileID: 21300000, guid: c7e051d3e663bbe418e82759bacd3951, type: 3}
    - {fileID: 21300000, guid: f25c12b89adfd544aba1ab869913dd96, type: 3}
    - {fileID: 21300000, guid: 3e54b2dc8c2fcd84b9ff9dad2203d9a1, type: 3}
    - {fileID: 21300000, guid: 9be54563400cf6745b8d56cb45451767, type: 3}
    - {fileID: 21300000, guid: 7e8e34e9206deda469fbc1a8b9f5fa37, type: 3}
    - {fileID: 21300000, guid: 8cb3b005d1a53504a9d07f38c75529b4, type: 3}
    - {fileID: 21300000, guid: 9e08d2b50838dc044ad9784478ccd809, type: 3}
    - {fileID: 21300000, guid: b09f40df97afab44cae0e235db6720be, type: 3}
    - {fileID: 21300000, guid: 4b895f570a3e1184f8b0e0fb0f896af0, type: 3}
    - {fileID: 21300000, guid: 253179a77f2d3e449a4524a5def3417f, type: 3}
    - {fileID: 21300000, guid: 5ad2ef1a6f0622b4a9d3a02bbb719a5c, type: 3}
    - {fileID: 21300000, guid: 36efb7695bcb99847903a35de02abab3, type: 3}
    - {fileID: 21300000, guid: 4355f6e0cab10984aaeeaee9ab73e5ae, type: 3}
    - {fileID: 21300000, guid: 9218d807a70ff2e43a22b380ccac7c09, type: 3}
    - {fileID: 21300000, guid: 6f7c5aec12344d84f834169a9047a3cb, type: 3}
    - {fileID: 21300000, guid: 2bb8a93e1ea7f2147aae4b1f404bbbfb, type: 3}
    - {fileID: 21300000, guid: 9f27d687235797b43bc2e5b3a0142411, type: 3}
    - {fileID: 21300000, guid: 8dc8eb783c1f90b408f7fbd8feb8fc64, type: 3}
    - {fileID: 21300000, guid: 7fde5957e5e788241a90319a28189527, type: 3}
    - {fileID: 21300000, guid: 6cbe19c9e83280845b3169447ec11649, type: 3}
    - {fileID: 21300000, guid: a1390dae4ce613d488828626250bd2e3, type: 3}
    - {fileID: 21300000, guid: df5e98aa72c8c8342b1a6df5f3ee7d1e, type: 3}
    - {fileID: 21300000, guid: a58bc2414c797704ab93b6341f8543c6, type: 3}
    - {fileID: 21300000, guid: 134487fd738a22849a780eade75da812, type: 3}
    triggers: []
  - name: Grande Desnudo Muerte
    fps: 30
    frames:
    - {fileID: 21300000, guid: 1b5db28ad7e94be44816faa7956d9e21, type: 3}
    - {fileID: 21300000, guid: 90b94c10db35cb4438f2d803f25df974, type: 3}
    - {fileID: 21300000, guid: e5eda1ff172a3104c8afeef1e9e48ae7, type: 3}
    - {fileID: 21300000, guid: bd610c713f1d538428a2ee7181b03d43, type: 3}
    - {fileID: 21300000, guid: 5019f89974303cd4dacff274a2909af6, type: 3}
    - {fileID: 21300000, guid: c6f04ee586b3b2d4bb3c8725e6f0792b, type: 3}
    - {fileID: 21300000, guid: 0f2368f39581a1d4fae56dd5571e79f2, type: 3}
    - {fileID: 21300000, guid: eb6cfc80a2435e342b814c99ce828c06, type: 3}
    - {fileID: 21300000, guid: 5ad166630cc5b5e4797ca06b4852c3a9, type: 3}
    - {fileID: 21300000, guid: 6270a0e3292f0bb41b2cf055eb5e0eb7, type: 3}
    - {fileID: 21300000, guid: c9897538c9d1a2c4693e5e592a87c930, type: 3}
    - {fileID: 21300000, guid: ac5d8843d4db1814abd7b97aea70e393, type: 3}
    - {fileID: 21300000, guid: de7cbc2c4c216f243a64a5602a7b22cb, type: 3}
    - {fileID: 21300000, guid: 77fb7be4740adc345a717aca358fe0c2, type: 3}
    - {fileID: 21300000, guid: 54e414dc23f073b49bd9c27f54d653f0, type: 3}
    - {fileID: 21300000, guid: 6d2aad3b618b5e941b1fed8c1684bd2f, type: 3}
    - {fileID: 21300000, guid: 7422e19e481149b438e76c4bf7397da3, type: 3}
    - {fileID: 21300000, guid: ceb0c7a4d2158a24da1c886c327a0410, type: 3}
    - {fileID: 21300000, guid: d293518cf06b195499b11b9b7a74f75d, type: 3}
    - {fileID: 21300000, guid: 70f0ae01d8bfcef43a192a3f6a1f814a, type: 3}
    - {fileID: 21300000, guid: ba8850d734fa3124f87cc349885c5513, type: 3}
    - {fileID: 21300000, guid: 3d03860cbb726d04580c759cb86a9a12, type: 3}
    - {fileID: 21300000, guid: 3347e49d45297a84cb54dd415e6ae161, type: 3}
    - {fileID: 21300000, guid: d6254840bee0f9d498a0911afe15e1a9, type: 3}
    - {fileID: 21300000, guid: 28d715e8022e4ce4a935b7137adb3737, type: 3}
    - {fileID: 21300000, guid: b3ccf5608d6055744a1b68f29142595d, type: 3}
    - {fileID: 21300000, guid: 8735a329d381656458df3dbdec6fe34f, type: 3}
    - {fileID: 21300000, guid: 75207f1c9d1b8df45a4660ca947d6968, type: 3}
    - {fileID: 21300000, guid: 6f19ae53022f8ef4c948b766097764cb, type: 3}
    - {fileID: 21300000, guid: ecbb8e60592793e489064240961e1ff0, type: 3}
    - {fileID: 21300000, guid: 8e5d6780f294aee43a09876818f3afe9, type: 3}
    - {fileID: 21300000, guid: 2ea8b9d4155f1ca48b7d401ab4108053, type: 3}
    - {fileID: 21300000, guid: acfa6ff58cb9a3c4b8ae95ecbbd892fd, type: 3}
    - {fileID: 21300000, guid: 9fbc5e1fddc5356479d3793c17fce9e6, type: 3}
    - {fileID: 21300000, guid: a7ef5cbf0370d5d4ca2a5b0aa75089e5, type: 3}
    - {fileID: 21300000, guid: e9411093f9bbb3245a2ed662bb706122, type: 3}
    - {fileID: 21300000, guid: 492dac9d6a09c984f846695d7b8704f9, type: 3}
    - {fileID: 21300000, guid: 4e33822ab43e5b54980bdd4a932f2722, type: 3}
    - {fileID: 21300000, guid: 0a43a4867019ec545b6046db0066a23e, type: 3}
    - {fileID: 21300000, guid: 3b24b6ccc3673814386e027f9d0875a7, type: 3}
    - {fileID: 21300000, guid: cfa55f0fa08973a4ebf519d35246a67f, type: 3}
    - {fileID: 21300000, guid: d976603a475518f4cb82ba45287936d6, type: 3}
    - {fileID: 21300000, guid: 9999b72315b12b44d855b339684f324e, type: 3}
    - {fileID: 21300000, guid: 2bea4f90b5255f54ba962d6f4f6d10cf, type: 3}
    - {fileID: 21300000, guid: 4b6fb1361f12fc343b4e8eb899a53263, type: 3}
    - {fileID: 21300000, guid: c977d32eb79582447b0bcce52e647c36, type: 3}
    - {fileID: 21300000, guid: 84d717fd149b823409e4068d8ea95c8e, type: 3}
    triggers: []
  playAnimationOnStart: Grande Chaleco Reposo
  animationStartLoop: 1
--- !u!114 &11416270
MonoBehaviour:
  m_ObjectHideFlags: 1
  m_PrefabParentObject: {fileID: 0}
  m_PrefabInternal: {fileID: 100100000}
  m_GameObject: {fileID: 135806}
  m_Enabled: 1
  m_EditorHideFlags: 0
  m_Script: {fileID: 11500000, guid: 0d52ecce04fbf4240b91501d1a144de3, type: 3}
  m_Name: 
  m_EditorClassIdentifier: 
  RunOnStart: 1
  TimeToDeploy: 0.6
  ElementToInstance: {fileID: 150702, guid: b8df2576e4a435b4a9d8ed8f29f7d39d, type: 2}
  NumMaxElements: 3
  timeBwtElements: 0.2
  velocityXDown: -1.8
  velocityXTop: -2.2
  velocityYDown: -1.2
  velocityYTop: 1.2
--- !u!114 &11416296
MonoBehaviour:
  m_ObjectHideFlags: 1
  m_PrefabParentObject: {fileID: 0}
  m_PrefabInternal: {fileID: 100100000}
  m_GameObject: {fileID: 199790}
  m_Enabled: 1
  m_EditorHideFlags: 0
  m_Script: {fileID: 11500000, guid: 3a1535051381ec8428d99cb38fd3d571, type: 3}
  m_Name: 
  m_EditorClassIdentifier: 
  estadisticas: {fileID: 0}
  Died: 0
  isABoss: 1
  _EnemyTipe: 0
  InitHealth: 2300
  InitShield: 1000
  ShieldAbsorb: 0.65
--- !u!114 &11446258
MonoBehaviour:
  m_ObjectHideFlags: 1
  m_PrefabParentObject: {fileID: 0}
  m_PrefabInternal: {fileID: 100100000}
  m_GameObject: {fileID: 167272}
  m_Enabled: 1
  m_EditorHideFlags: 0
  m_Script: {fileID: 11500000, guid: 0d52ecce04fbf4240b91501d1a144de3, type: 3}
  m_Name: 
  m_EditorClassIdentifier: 
  RunOnStart: 1
  TimeToDeploy: 0.4
  ElementToInstance: {fileID: 155248, guid: fc9f6dec21ba60e4bbbe9aaea4b12327, type: 2}
  NumMaxElements: 3
  timeBwtElements: 0.2
  velocityXDown: -1.7
  velocityXTop: -2.3
  velocityYDown: -1.3
  velocityYTop: 1.3
--- !u!114 &11448754
MonoBehaviour:
  m_ObjectHideFlags: 1
  m_PrefabParentObject: {fileID: 0}
  m_PrefabInternal: {fileID: 100100000}
  m_GameObject: {fileID: 168204}
  m_Enabled: 1
  m_EditorHideFlags: 0
  m_Script: {fileID: 11500000, guid: 0d52ecce04fbf4240b91501d1a144de3, type: 3}
  m_Name: 
  m_EditorClassIdentifier: 
  RunOnStart: 1
  TimeToDeploy: 1
  ElementToInstance: {fileID: 185260, guid: 12721cac1f7e6fa44b9c7dc843e8746c, type: 2}
  NumMaxElements: 3
  timeBwtElements: 0.2
  velocityXDown: -1.5
  velocityXTop: -2
  velocityYDown: -0.8
  velocityYTop: 0.8
--- !u!114 &11452096
MonoBehaviour:
  m_ObjectHideFlags: 1
  m_PrefabParentObject: {fileID: 0}
  m_PrefabInternal: {fileID: 100100000}
  m_GameObject: {fileID: 199790}
  m_Enabled: 1
  m_EditorHideFlags: 0
  m_Script: {fileID: 11500000, guid: 82bddae98718ff2429e15bb57ee1d94c, type: 3}
  m_Name: 
  m_EditorClassIdentifier: 
  pointsToGrant: 0
--- !u!114 &11468178
MonoBehaviour:
  m_ObjectHideFlags: 1
  m_PrefabParentObject: {fileID: 0}
  m_PrefabInternal: {fileID: 100100000}
  m_GameObject: {fileID: 134276}
  m_Enabled: 1
  m_EditorHideFlags: 0
  m_Script: {fileID: 11500000, guid: 0d52ecce04fbf4240b91501d1a144de3, type: 3}
  m_Name: 
  m_EditorClassIdentifier: 
  RunOnStart: 1
  TimeToDeploy: 0.05
  ElementToInstance: {fileID: 127186, guid: ae89d7cf242bb1344917c5fa91a7ef91, type: 2}
  NumMaxElements: 3
  timeBwtElements: 0.2
  velocityXDown: -1.6
  velocityXTop: -2.5
  velocityYDown: -1.3
  velocityYTop: 1.3
--- !u!114 &11490710
MonoBehaviour:
  m_ObjectHideFlags: 1
  m_PrefabParentObject: {fileID: 0}
  m_PrefabInternal: {fileID: 100100000}
  m_GameObject: {fileID: 199790}
  m_Enabled: 1
  m_EditorHideFlags: 0
  m_Script: {fileID: 11500000, guid: b38667291fad46c40bc2cd67f5aee638, type: 3}
  m_Name: 
  m_EditorClassIdentifier: 
  SmokeParticle: {fileID: 189218, guid: 64d28510fa9db084e8e31f365869e8f4, type: 2}
  ChispasParticle: {fileID: 0}
  ParticlePoint1: {fileID: 181096}
  ParticlePoint2: {fileID: 102424}
  ParticlePoint3: {fileID: 147894}
  AwakeOnStart: 1
  Bala: {fileID: 109640, guid: 8c8387c45fcacf642bdeffe6db253cc1, type: 2}
  _SpriteAnimator: {fileID: 11416258}
  _EnemyHealthControl: {fileID: 11416296}
  _SpriteRenderer: {fileID: 21219006}
  ChangingState: 0
  Enjambre1: {fileID: 134276}
  Enjambre2: {fileID: 167272}
  Enjambre3: {fileID: 135806}
  Enjambre4: {fileID: 134802}
  Enjambre5: {fileID: 168204}
  ProbAttack: 0.5
  TimeBetweenThoughts: 2
  ProbAttack2: 1
  TimeBetweenThoughts2: 1.4
--- !u!114 &11495942
MonoBehaviour:
  m_ObjectHideFlags: 1
  m_PrefabParentObject: {fileID: 0}
  m_PrefabInternal: {fileID: 100100000}
  m_GameObject: {fileID: 199790}
  m_Enabled: 1
  m_EditorHideFlags: 0
  m_Script: {fileID: 11500000, guid: 2b3187290e0b5f84187ef9e5de2f5430, type: 3}
  m_Name: 
  m_EditorClassIdentifier: 
  chancesOfDroping: 0
  Drop100: []
  MaxVelocityY: 0
  MaxVelocityX: 1.5
--- !u!212 &21219006
SpriteRenderer:
  m_ObjectHideFlags: 1
  m_PrefabParentObject: {fileID: 0}
  m_PrefabInternal: {fileID: 100100000}
  m_GameObject: {fileID: 199790}
  m_Enabled: 1
  m_CastShadows: 0
  m_ReceiveShadows: 0
  m_Materials:
  - {fileID: 10754, guid: 0000000000000000e000000000000000, type: 0}
  m_SubsetIndices: 
  m_StaticBatchRoot: {fileID: 0}
  m_UseLightProbes: 0
  m_ReflectionProbeUsage: 0
  m_ProbeAnchor: {fileID: 0}
  m_ScaleInLightmap: 1
  m_PreserveUVs: 0
  m_IgnoreNormalsForChartDetection: 0
  m_ImportantGI: 0
  m_MinimumChartSize: 4
  m_AutoUVMaxDistance: 0.5
  m_AutoUVMaxAngle: 89
  m_LightmapParameters: {fileID: 0}
  m_SortingLayerID: 0
  m_SortingOrder: 0
  m_Sprite: {fileID: 21300000, guid: 0607dbb5a33b7eb46accddedac4c5d45, type: 3}
  m_Color: {r: 1, g: 1, b: 1, a: 1}
  m_FlipX: 0
  m_FlipY: 0
--- !u!1001 &100100000
Prefab:
  m_ObjectHideFlags: 1
  serializedVersion: 2
  m_Modification:
    m_TransformParent: {fileID: 0}
    m_Modifications: []
    m_RemovedComponents: []
  m_ParentPrefab: {fileID: 0}
  m_RootGameObject: {fileID: 199790}
  m_IsPrefabParent: 1
