%YAML 1.1
%TAG !u! tag:unity3d.com,2011:
--- !u!1 &155248
GameObject:
  m_ObjectHideFlags: 0
  m_PrefabParentObject: {fileID: 0}
  m_PrefabInternal: {fileID: 100100000}
  serializedVersion: 4
  m_Component:
  - 4: {fileID: 455238}
  - 212: {fileID: 21225526}
  - 114: {fileID: 11482906}
  - 50: {fileID: 5062648}
  - 114: {fileID: 11417266}
  - 114: {fileID: 11451106}
  - 114: {fileID: 11463098}
  - 61: {fileID: 6130778}
  - 114: {fileID: 11436288}
  - 114: {fileID: 11400294}
  - 114: {fileID: 11466564}
  - 114: {fileID: 11417102}
  m_Layer: 0
  m_Name: SmallKdio2
  m_TagString: Enemy-Gas
  m_Icon: {fileID: 0}
  m_NavMeshLayer: 0
  m_StaticEditorFlags: 0
  m_IsActive: 1
--- !u!4 &455238
Transform:
  m_ObjectHideFlags: 1
  m_PrefabParentObject: {fileID: 0}
  m_PrefabInternal: {fileID: 100100000}
  m_GameObject: {fileID: 155248}
  m_LocalRotation: {x: 0, y: 0, z: 0, w: 1}
  m_LocalPosition: {x: 3.7531562, y: -3.1818237, z: 0.53125}
  m_LocalScale: {x: 0.15, y: 0.15, z: 0.15}
  m_LocalEulerAnglesHint: {x: 0, y: 0, z: 0}
  m_Children: []
  m_Father: {fileID: 0}
  m_RootOrder: 0
--- !u!50 &5062648
Rigidbody2D:
  serializedVersion: 2
  m_ObjectHideFlags: 1
  m_PrefabParentObject: {fileID: 0}
  m_PrefabInternal: {fileID: 100100000}
  m_GameObject: {fileID: 155248}
  m_UseAutoMass: 0
  m_Mass: 0.0001
  m_LinearDrag: 0
  m_AngularDrag: 0
  m_GravityScale: 0
  m_IsKinematic: 1
  m_Interpolate: 0
  m_SleepingMode: 1
  m_CollisionDetection: 1
  m_Constraints: 0
--- !u!61 &6130778
BoxCollider2D:
  m_ObjectHideFlags: 1
  m_PrefabParentObject: {fileID: 0}
  m_PrefabInternal: {fileID: 100100000}
  m_GameObject: {fileID: 155248}
  m_Enabled: 1
  m_Density: 1
  m_Material: {fileID: 0}
  m_IsTrigger: 0
  m_UsedByEffector: 0
  m_Offset: {x: -0.5148474, y: 0.40042877}
  serializedVersion: 2
  m_Size: {x: 6.2356377, y: 6.0068192}
--- !u!114 &11400294
MonoBehaviour:
  m_ObjectHideFlags: 1
  m_PrefabParentObject: {fileID: 0}
  m_PrefabInternal: {fileID: 100100000}
  m_GameObject: {fileID: 155248}
  m_Enabled: 1
  m_EditorHideFlags: 0
  m_Script: {fileID: 11500000, guid: 3a1535051381ec8428d99cb38fd3d571, type: 3}
  m_Name: 
  m_EditorClassIdentifier: 
  Died: 0
  isABoss: 0
  _EnemyTipe: 0
  InitHealth: 50
  InitShield: 0
  ShieldAbsorb: 0.5
--- !u!114 &11417102
MonoBehaviour:
  m_ObjectHideFlags: 1
  m_PrefabParentObject: {fileID: 0}
  m_PrefabInternal: {fileID: 100100000}
  m_GameObject: {fileID: 155248}
  m_Enabled: 0
  m_EditorHideFlags: 0
  m_Script: {fileID: 11500000, guid: 4122caa7debc1364bb865ed778d8c9d6, type: 3}
  m_Name: 
  m_EditorClassIdentifier: 
  Sprite: {fileID: 21225526}
  DisappearOnStart: 1
  ActiveTime: 2
  CoefSoft: 100
--- !u!114 &11417266
MonoBehaviour:
  m_ObjectHideFlags: 1
  m_PrefabParentObject: {fileID: 0}
  m_PrefabInternal: {fileID: 100100000}
  m_GameObject: {fileID: 155248}
  m_Enabled: 1
  m_EditorHideFlags: 0
  m_Script: {fileID: 11500000, guid: 3a1535051381ec8428d99cb38fd3d571, type: 3}
  m_Name: 
  m_EditorClassIdentifier: 
  Died: 0
  isABoss: 0
  _EnemyTipe: 0
  InitHealth: 100
  InitShield: 0
  ShieldAbsorb: 0.5
--- !u!114 &11436288
MonoBehaviour:
  m_ObjectHideFlags: 1
  m_PrefabParentObject: {fileID: 0}
  m_PrefabInternal: {fileID: 100100000}
  m_GameObject: {fileID: 155248}
  m_Enabled: 1
  m_EditorHideFlags: 0
  m_Script: {fileID: 11500000, guid: 5ec3d0fdc1a6214469454ce6d2a76840, type: 3}
  m_Name: 
  m_EditorClassIdentifier: 
  StartDelayed: 1
  StartDelayTime: 3.23
  ShieldDamage: 1
  WithoutShieldDamage: 30
  MaxVelY: 0.72
  MinVelY: -1.37
  MaxVelX: 1.53
  MinVelX: -1.54
  DelayBetwMovements: 2
  RB2D: {fileID: 5062648}
  StartDisIn: 2
  DisScrip: {fileID: 0}
--- !u!114 &11451106
MonoBehaviour:
  m_ObjectHideFlags: 1
  m_PrefabParentObject: {fileID: 0}
  m_PrefabInternal: {fileID: 100100000}
  m_GameObject: {fileID: 155248}
  m_Enabled: 1
  m_EditorHideFlags: 0
  m_Script: {fileID: 11500000, guid: 82bddae98718ff2429e15bb57ee1d94c, type: 3}
  m_Name: 
  m_EditorClassIdentifier: 
  pointsToGrant: 0
--- !u!114 &11463098
MonoBehaviour:
  m_ObjectHideFlags: 1
  m_PrefabParentObject: {fileID: 0}
  m_PrefabInternal: {fileID: 100100000}
  m_GameObject: {fileID: 155248}
  m_Enabled: 1
  m_EditorHideFlags: 0
  m_Script: {fileID: 11500000, guid: 2b3187290e0b5f84187ef9e5de2f5430, type: 3}
  m_Name: 
  m_EditorClassIdentifier: 
  chancesOfDroping: 0
  Drop100: []
  MaxVelocityY: 0
  MaxVelocityX: 1.5
--- !u!114 &11466564
MonoBehaviour:
  m_ObjectHideFlags: 1
  m_PrefabParentObject: {fileID: 0}
  m_PrefabInternal: {fileID: 100100000}
  m_GameObject: {fileID: 155248}
  m_Enabled: 1
  m_EditorHideFlags: 0
  m_Script: {fileID: 11500000, guid: 0f9a6f178f82f494282831bcf8c0f940, type: 3}
  m_Name: 
  m_EditorClassIdentifier: 
  EHC: {fileID: 11400294}
  DisScript: {fileID: 11417102}
  ParticulaMuerte: {fileID: 189218, guid: 64d28510fa9db084e8e31f365869e8f4, type: 2}
--- !u!114 &11482906
MonoBehaviour:
  m_ObjectHideFlags: 1
  m_PrefabParentObject: {fileID: 0}
  m_PrefabInternal: {fileID: 100100000}
  m_GameObject: {fileID: 155248}
  m_Enabled: 1
  m_EditorHideFlags: 0
  m_Script: {fileID: 11500000, guid: 693c7362622d38941bf9c82a6e67d718, type: 3}
  m_Name: 
  m_EditorClassIdentifier: 
  spriteRenderer: {fileID: 21225526}
  animations:
  - name: idle
    fps: 25
    frames:
    - {fileID: 21300000, guid: 036d09c57b3e7004db47e3cc4a5c1f50, type: 3}
    - {fileID: 21300000, guid: 3175b300c3259ca47b1fa4392fff9b20, type: 3}
    - {fileID: 21300000, guid: 5c9b4ad661b7d67429d330a000697e54, type: 3}
    - {fileID: 21300000, guid: 0036283fe687f9a4d8b456d19d77c6d6, type: 3}
    - {fileID: 21300000, guid: e676c61102f8ee94b917e8bdfa4788b5, type: 3}
    - {fileID: 21300000, guid: de95d924fc717da4b90d3ff10bdfb3dd, type: 3}
    - {fileID: 21300000, guid: 5e5ce75549af54540b14d096dd3c12e8, type: 3}
    - {fileID: 21300000, guid: 27636b90b9f9045468a847bd5e0a8a69, type: 3}
    - {fileID: 21300000, guid: 8f04144be1ccb6441945692823e830f6, type: 3}
    - {fileID: 21300000, guid: 2ae67bbde889f464baa947b654f09663, type: 3}
    - {fileID: 21300000, guid: 6fa9320f3986a7d4ba269acf56f22f36, type: 3}
    - {fileID: 21300000, guid: 2cde1ffc752699c42bc80019b1f43306, type: 3}
    - {fileID: 21300000, guid: 4302e15c33e8a2349ab6bc7725004e70, type: 3}
    - {fileID: 21300000, guid: d08ea792985419641b1179353cb40b90, type: 3}
    - {fileID: 21300000, guid: 1c03483c9c31d6845b9557c09c9dcfa5, type: 3}
    - {fileID: 21300000, guid: 2e335c92514468d4db0021086979416f, type: 3}
    - {fileID: 21300000, guid: 607861f6bda434247af2eb4b883901e4, type: 3}
    - {fileID: 21300000, guid: 3301797b33f240a4699c0c5c849f40a5, type: 3}
    - {fileID: 21300000, guid: 5e98c81844f07d64bbdc973f1003050b, type: 3}
    - {fileID: 21300000, guid: 3ce11295f0175294686d1747637b5a31, type: 3}
    - {fileID: 21300000, guid: 8f1b21d943daf734da27b3d54be65873, type: 3}
    - {fileID: 21300000, guid: a5bf49b251094ac4da49564690a7ea85, type: 3}
    - {fileID: 21300000, guid: 57b830cac24a63a43ae2b494c28fcf71, type: 3}
    - {fileID: 21300000, guid: cb212893e638db04dbbc2c191cf5bcfa, type: 3}
    - {fileID: 21300000, guid: f6549ec98e0e16b42acfd81184804a34, type: 3}
    - {fileID: 21300000, guid: e3dba95e6ca873f4d894cddc36da6372, type: 3}
    - {fileID: 21300000, guid: 4cb8707059fa09a4cb89eef15a1cd0fa, type: 3}
    - {fileID: 21300000, guid: aaa262360671dd14fb0c9a8578086b5e, type: 3}
    - {fileID: 21300000, guid: 16ec84f846f658f44be959c5fe7096bc, type: 3}
    - {fileID: 21300000, guid: 2bda85900f81a6e4fb7264db004cd7b1, type: 3}
    triggers: []
  playAnimationOnStart: idle
  animationStartLoop: 1
--- !u!212 &21225526
SpriteRenderer:
  m_ObjectHideFlags: 1
  m_PrefabParentObject: {fileID: 0}
  m_PrefabInternal: {fileID: 100100000}
  m_GameObject: {fileID: 155248}
  m_Enabled: 1
  m_CastShadows: 0
  m_ReceiveShadows: 0
  m_Materials:
  - {fileID: 10754, guid: 0000000000000000e000000000000000, type: 0}
  m_SubsetIndices: 
  m_StaticBatchRoot: {fileID: 0}
  m_UseLightProbes: 0
  m_ReflectionProbeUsage: 0
  m_ProbeAnchor: {fileID: 0}
  m_ScaleInLightmap: 1
  m_PreserveUVs: 0
  m_IgnoreNormalsForChartDetection: 0
  m_ImportantGI: 0
  m_MinimumChartSize: 4
  m_AutoUVMaxDistance: 0.5
  m_AutoUVMaxAngle: 89
  m_LightmapParameters: {fileID: 0}
  m_SortingLayerID: 0
  m_SortingOrder: 0
  m_Sprite: {fileID: 21300000, guid: 036d09c57b3e7004db47e3cc4a5c1f50, type: 3}
  m_Color: {r: 1, g: 1, b: 1, a: 1}
  m_FlipX: 0
  m_FlipY: 0
--- !u!1001 &100100000
Prefab:
  m_ObjectHideFlags: 1
  serializedVersion: 2
  m_Modification:
    m_TransformParent: {fileID: 0}
    m_Modifications: []
    m_RemovedComponents: []
  m_ParentPrefab: {fileID: 0}
  m_RootGameObject: {fileID: 155248}
  m_IsPrefabParent: 1
