%YAML 1.1
%TAG !u! tag:unity3d.com,2011:
--- !u!1 &105614
GameObject:
  m_ObjectHideFlags: 0
  m_PrefabParentObject: {fileID: 0}
  m_PrefabInternal: {fileID: 100100000}
  serializedVersion: 4
  m_Component:
  - 4: {fileID: 410644}
  - 212: {fileID: 21225088}
  - 50: {fileID: 5083490}
  - 61: {fileID: 6172448}
  - 114: {fileID: 11401178}
  - 114: {fileID: 11415550}
  - 114: {fileID: 11492972}
  m_Layer: 0
  m_Name: Bullet_0LaserTriple
  m_TagString: PlayerShot
  m_Icon: {fileID: 0}
  m_NavMeshLayer: 0
  m_StaticEditorFlags: 0
  m_IsActive: 1
--- !u!4 &410644
Transform:
  m_ObjectHideFlags: 1
  m_PrefabParentObject: {fileID: 0}
  m_PrefabInternal: {fileID: 100100000}
  m_GameObject: {fileID: 105614}
  m_LocalRotation: {x: 0, y: 0, z: 0, w: 1}
  m_LocalPosition: {x: 4.1485233, y: 2.4124002, z: 0}
  m_LocalScale: {x: 0.35591394, y: 0.3624873, z: 0.3624873}
  m_Children: []
  m_Father: {fileID: 0}
  m_RootOrder: 0
--- !u!50 &5083490
Rigidbody2D:
  serializedVersion: 2
  m_ObjectHideFlags: 1
  m_PrefabParentObject: {fileID: 0}
  m_PrefabInternal: {fileID: 100100000}
  m_GameObject: {fileID: 105614}
  m_UseAutoMass: 0
  m_Mass: 1
  m_LinearDrag: 0
  m_AngularDrag: 0.05
  m_GravityScale: 0
  m_IsKinematic: 0
  m_Interpolate: 0
  m_SleepingMode: 1
  m_CollisionDetection: 1
  m_Constraints: 0
--- !u!61 &6172448
BoxCollider2D:
  m_ObjectHideFlags: 1
  m_PrefabParentObject: {fileID: 0}
  m_PrefabInternal: {fileID: 100100000}
  m_GameObject: {fileID: 105614}
  m_Enabled: 1
  m_Density: 1
  m_Material: {fileID: 0}
  m_IsTrigger: 1
  m_UsedByEffector: 0
  m_Offset: {x: 0.8806065, y: -0.007251501}
  serializedVersion: 2
  m_Size: {x: 2.788401, y: 0.62059855}
--- !u!114 &11401178
MonoBehaviour:
  m_ObjectHideFlags: 1
  m_PrefabParentObject: {fileID: 0}
  m_PrefabInternal: {fileID: 100100000}
  m_GameObject: {fileID: 105614}
  m_Enabled: 1
  m_EditorHideFlags: 0
  m_Script: {fileID: 11500000, guid: 274ee623bdddd304f8b41ba9616fec8c, type: 3}
  m_Name: 
  m_EditorClassIdentifier: 
  SeparateOfShooter: 1
  behaviour: 2
  angleTripleBullet: 15
  Xoffset: 0
  SawBladeAceleration: 0
  SawBladeAngularAceleration: 0
  SawMaxAceleration: 0
  Dispersion: 0.1
  TimeBetweenRateChange: 0.082
  SizeOfChange: 0.002
  IniFireRate: 2
  MinFireRate: 0.03
  bulletSpeed: -15
  angler: 0
--- !u!114 &11415550
MonoBehaviour:
  m_ObjectHideFlags: 1
  m_PrefabParentObject: {fileID: 0}
  m_PrefabInternal: {fileID: 100100000}
  m_GameObject: {fileID: 105614}
  m_Enabled: 1
  m_EditorHideFlags: 0
  m_Script: {fileID: 11500000, guid: 3b3f7e97d551ebd48bb6d88a9a71ee77, type: 3}
  m_Name: 
  m_EditorClassIdentifier: 
  target: 0
  damage: 60
  destroyOnImpact: 1
--- !u!114 &11492972
MonoBehaviour:
  m_ObjectHideFlags: 1
  m_PrefabParentObject: {fileID: 0}
  m_PrefabInternal: {fileID: 100100000}
  m_GameObject: {fileID: 105614}
  m_Enabled: 1
  m_EditorHideFlags: 0
  m_Script: {fileID: 11500000, guid: 693c7362622d38941bf9c82a6e67d718, type: 3}
  m_Name: 
  m_EditorClassIdentifier: 
  spriteRenderer: {fileID: 21225088}
  animations:
  - name: Shoot
    fps: 24
    frames:
    - {fileID: 21300000, guid: ee57de1b7eee94c4daf0103f87fd25fe, type: 3}
    - {fileID: 21300000, guid: 4d2071d6e32c26b4b84dfaa721cd2e9f, type: 3}
    - {fileID: 21300000, guid: f41b8d203c58c5a4994e05150fc95373, type: 3}
    - {fileID: 21300000, guid: f19c4fa82e14e89459dc634930ae6180, type: 3}
    - {fileID: 21300000, guid: 1773704682b28b245a2af27091b0b543, type: 3}
    triggers: []
  playAnimationOnStart: Shoot
  animationStartLoop: 0
--- !u!212 &21225088
SpriteRenderer:
  m_ObjectHideFlags: 1
  m_PrefabParentObject: {fileID: 0}
  m_PrefabInternal: {fileID: 100100000}
  m_GameObject: {fileID: 105614}
  m_Enabled: 1
  m_CastShadows: 0
  m_ReceiveShadows: 0
  m_Materials:
  - {fileID: 10754, guid: 0000000000000000e000000000000000, type: 0}
  m_SubsetIndices: 
  m_StaticBatchRoot: {fileID: 0}
  m_UseLightProbes: 0
  m_ReflectionProbeUsage: 0
  m_ProbeAnchor: {fileID: 0}
  m_ScaleInLightmap: 1
  m_PreserveUVs: 0
  m_IgnoreNormalsForChartDetection: 0
  m_ImportantGI: 0
  m_MinimumChartSize: 4
  m_AutoUVMaxDistance: 0.5
  m_AutoUVMaxAngle: 89
  m_LightmapParameters: {fileID: 0}
  m_SortingLayerID: 665682775
  m_SortingOrder: 0
  m_Sprite: {fileID: 21300000, guid: ee57de1b7eee94c4daf0103f87fd25fe, type: 3}
  m_Color: {r: 1, g: 1, b: 1, a: 1}
  m_FlipX: 0
  m_FlipY: 0
--- !u!1001 &100100000
Prefab:
  m_ObjectHideFlags: 1
  serializedVersion: 2
  m_Modification:
    m_TransformParent: {fileID: 0}
    m_Modifications: []
    m_RemovedComponents: []
  m_ParentPrefab: {fileID: 0}
  m_RootGameObject: {fileID: 105614}
  m_IsPrefabParent: 1
