%YAML 1.1
%TAG !u! tag:unity3d.com,2011:
--- !u!1 &159454
GameObject:
  m_ObjectHideFlags: 0
  m_PrefabParentObject: {fileID: 0}
  m_PrefabInternal: {fileID: 100100000}
  serializedVersion: 4
  m_Component:
  - 4: {fileID: 427918}
  - 212: {fileID: 21207002}
  - 50: {fileID: 5065738}
  - 58: {fileID: 5899958}
  - 114: {fileID: 11480878}
  - 114: {fileID: 11494854}
  - 114: {fileID: 11465240}
  m_Layer: 0
  m_Name: OsisteoProyectil
  m_TagString: Untagged
  m_Icon: {fileID: 0}
  m_NavMeshLayer: 0
  m_StaticEditorFlags: 0
  m_IsActive: 1
--- !u!4 &427918
Transform:
  m_ObjectHideFlags: 1
  m_PrefabParentObject: {fileID: 0}
  m_PrefabInternal: {fileID: 100100000}
  m_GameObject: {fileID: 159454}
  m_LocalRotation: {x: 0, y: 0, z: 0, w: 1}
  m_LocalPosition: {x: 3.45, y: 0.66, z: 0}
  m_LocalScale: {x: 0.8, y: 0.8, z: 0.4369809}
  m_LocalEulerAnglesHint: {x: 0, y: 0, z: 0}
  m_Children: []
  m_Father: {fileID: 0}
  m_RootOrder: 0
--- !u!50 &5065738
Rigidbody2D:
  serializedVersion: 2
  m_ObjectHideFlags: 1
  m_PrefabParentObject: {fileID: 0}
  m_PrefabInternal: {fileID: 100100000}
  m_GameObject: {fileID: 159454}
  m_UseAutoMass: 0
  m_Mass: 1
  m_LinearDrag: 0
  m_AngularDrag: 0.05
  m_GravityScale: 0
  m_IsKinematic: 0
  m_Interpolate: 0
  m_SleepingMode: 1
  m_CollisionDetection: 1
  m_Constraints: 0
--- !u!58 &5899958
CircleCollider2D:
  m_ObjectHideFlags: 1
  m_PrefabParentObject: {fileID: 0}
  m_PrefabInternal: {fileID: 100100000}
  m_GameObject: {fileID: 159454}
  m_Enabled: 1
  m_Density: 1
  m_Material: {fileID: 0}
  m_IsTrigger: 1
  m_UsedByEffector: 0
  m_Offset: {x: -0.05, y: 0}
  serializedVersion: 2
  m_Radius: 0.4096161
--- !u!114 &11465240
MonoBehaviour:
  m_ObjectHideFlags: 1
  m_PrefabParentObject: {fileID: 0}
  m_PrefabInternal: {fileID: 100100000}
  m_GameObject: {fileID: 159454}
  m_Enabled: 1
  m_EditorHideFlags: 0
  m_Script: {fileID: 11500000, guid: 693c7362622d38941bf9c82a6e67d718, type: 3}
  m_Name: 
  m_EditorClassIdentifier: 
  spriteRenderer: {fileID: 21207002}
  animations:
  - name: Shoot
    fps: 25
    frames:
    - {fileID: 21300000, guid: 8db01dec9128b7f4faad336165dd9510, type: 3}
    - {fileID: 21300000, guid: 98fdb3c880b76dc48995910fe682637a, type: 3}
    - {fileID: 21300000, guid: 31991ccdcdcb62c44b7f05fef544d27b, type: 3}
    - {fileID: 21300000, guid: dd2340b5a8551424bacf27d00e4f0100, type: 3}
    - {fileID: 21300000, guid: cac9827151e3e8841a8292b30a6aabd0, type: 3}
    - {fileID: 21300000, guid: 474a93d57af3abe44a39cce3629ef95f, type: 3}
    - {fileID: 21300000, guid: 65c824cea046e1f4e81c7892df46fdc2, type: 3}
    - {fileID: 21300000, guid: 4aa9e3f66d98152428d356d3dcccb912, type: 3}
    - {fileID: 21300000, guid: c511ba85d511ae343ac82edc7bd965f6, type: 3}
    - {fileID: 21300000, guid: d470ccd3540b071468da19a0c996051d, type: 3}
    - {fileID: 21300000, guid: aa9217d556432f544ab112696ddf696c, type: 3}
    - {fileID: 21300000, guid: d0105d9c91e8a464ea571ac67cea962f, type: 3}
    - {fileID: 21300000, guid: f056b4bcbd2f6f64d89d859c2839b493, type: 3}
    - {fileID: 21300000, guid: fb502877f495f3142a7d578d75e8053f, type: 3}
    - {fileID: 21300000, guid: 9b731fce2ef60a34b91f3418da8dcab8, type: 3}
    - {fileID: 21300000, guid: 3dd048d88363fc0478bf98cdd58e580c, type: 3}
    - {fileID: 21300000, guid: 76a7868a9f9c1c44285cab7bad3c1c61, type: 3}
    - {fileID: 21300000, guid: 5f6844ca2297bdc4cba8189ac28742b3, type: 3}
    triggers: []
  playAnimationOnStart: Shoot
  animationStartLoop: 1
--- !u!114 &11480878
MonoBehaviour:
  m_ObjectHideFlags: 1
  m_PrefabParentObject: {fileID: 0}
  m_PrefabInternal: {fileID: 100100000}
  m_GameObject: {fileID: 159454}
  m_Enabled: 1
  m_EditorHideFlags: 0
  m_Script: {fileID: 11500000, guid: 274ee623bdddd304f8b41ba9616fec8c, type: 3}
  m_Name: 
  m_EditorClassIdentifier: 
  SeparateOfShooter: 1
  behaviour: 1
  angleTripleBullet: 30
  Xoffset: 0
  SawBladeAceleration: 0
  SawBladeAngularAceleration: 0
  SawMaxAceleration: 0
  Dispersion: 0.1
  TimeBetweenRateChange: 0.082
  SizeOfChange: 0.002
  IniFireRate: 2
  MinFireRate: 0.03
  bulletSpeed: 10
  angler: 0
--- !u!114 &11494854
MonoBehaviour:
  m_ObjectHideFlags: 1
  m_PrefabParentObject: {fileID: 0}
  m_PrefabInternal: {fileID: 100100000}
  m_GameObject: {fileID: 159454}
  m_Enabled: 1
  m_EditorHideFlags: 0
  m_Script: {fileID: 11500000, guid: 3b3f7e97d551ebd48bb6d88a9a71ee77, type: 3}
  m_Name: 
  m_EditorClassIdentifier: 
  Instan: {fileID: 0}
  target: 3
  damage: 20
  destroyOnImpact: 1
  BloodMan: {fileID: 0}
--- !u!212 &21207002
SpriteRenderer:
  m_ObjectHideFlags: 1
  m_PrefabParentObject: {fileID: 0}
  m_PrefabInternal: {fileID: 100100000}
  m_GameObject: {fileID: 159454}
  m_Enabled: 1
  m_CastShadows: 0
  m_ReceiveShadows: 0
  m_Materials:
  - {fileID: 10754, guid: 0000000000000000e000000000000000, type: 0}
  m_SubsetIndices: 
  m_StaticBatchRoot: {fileID: 0}
  m_UseLightProbes: 0
  m_ReflectionProbeUsage: 0
  m_ProbeAnchor: {fileID: 0}
  m_ScaleInLightmap: 1
  m_PreserveUVs: 0
  m_IgnoreNormalsForChartDetection: 0
  m_ImportantGI: 0
  m_MinimumChartSize: 4
  m_AutoUVMaxDistance: 0.5
  m_AutoUVMaxAngle: 89
  m_LightmapParameters: {fileID: 0}
  m_SortingLayerID: 665682775
  m_SortingOrder: 0
  m_Sprite: {fileID: 21300000, guid: 8db01dec9128b7f4faad336165dd9510, type: 3}
  m_Color: {r: 1, g: 1, b: 1, a: 1}
  m_FlipX: 0
  m_FlipY: 0
--- !u!1001 &100100000
Prefab:
  m_ObjectHideFlags: 1
  serializedVersion: 2
  m_Modification:
    m_TransformParent: {fileID: 0}
    m_Modifications: []
    m_RemovedComponents: []
  m_ParentPrefab: {fileID: 0}
  m_RootGameObject: {fileID: 159454}
  m_IsPrefabParent: 1
