%YAML 1.1
%TAG !u! tag:unity3d.com,2011:
--- !u!1 &128886
GameObject:
  m_ObjectHideFlags: 0
  m_PrefabParentObject: {fileID: 0}
  m_PrefabInternal: {fileID: 100100000}
  serializedVersion: 4
  m_Component:
  - 4: {fileID: 431150}
  - 114: {fileID: 11485820}
  m_Layer: 0
  m_Name: Weapon
  m_TagString: Untagged
  m_Icon: {fileID: 0}
  m_NavMeshLayer: 0
  m_StaticEditorFlags: 0
  m_IsActive: 1
--- !u!1 &129776
GameObject:
  m_ObjectHideFlags: 1
  m_PrefabParentObject: {fileID: 0}
  m_PrefabInternal: {fileID: 100100000}
  serializedVersion: 4
  m_Component:
  - 4: {fileID: 416482}
  m_Layer: 0
  m_Name: ShootPoint
  m_TagString: ShootPoint
  m_Icon: {fileID: -4453645107408684167, guid: 0000000000000000d000000000000000, type: 0}
  m_NavMeshLayer: 0
  m_StaticEditorFlags: 0
  m_IsActive: 1
--- !u!1 &168936
GameObject:
  m_ObjectHideFlags: 0
  m_PrefabParentObject: {fileID: 0}
  m_PrefabInternal: {fileID: 100100000}
  serializedVersion: 4
  m_Component:
  - 4: {fileID: 486876}
  - 212: {fileID: 21223014}
  - 61: {fileID: 6149422}
  - 50: {fileID: 5076060}
  - 114: {fileID: 11466346}
  - 114: {fileID: 11475478}
  - 114: {fileID: 11452316}
  - 114: {fileID: 11487976}
  - 114: {fileID: 11466222}
  m_Layer: 0
  m_Name: Melforas
  m_TagString: Enemy
  m_Icon: {fileID: 0}
  m_NavMeshLayer: 0
  m_StaticEditorFlags: 0
  m_IsActive: 1
--- !u!4 &416482
Transform:
  m_ObjectHideFlags: 1
  m_PrefabParentObject: {fileID: 0}
  m_PrefabInternal: {fileID: 100100000}
  m_GameObject: {fileID: 129776}
  m_LocalRotation: {x: 0, y: 0, z: 0, w: 1}
  m_LocalPosition: {x: -0.64, y: 0.41, z: 0}
  m_LocalScale: {x: 1, y: 1, z: 1}
  m_LocalEulerAnglesHint: {x: 0, y: 0, z: 0}
  m_Children: []
  m_Father: {fileID: 431150}
  m_RootOrder: 0
--- !u!4 &431150
Transform:
  m_ObjectHideFlags: 1
  m_PrefabParentObject: {fileID: 0}
  m_PrefabInternal: {fileID: 100100000}
  m_GameObject: {fileID: 128886}
  m_LocalRotation: {x: 0, y: 0, z: 0, w: 1}
  m_LocalPosition: {x: 0.23, y: -0.52, z: 0}
  m_LocalScale: {x: 1, y: 1, z: 1}
  m_LocalEulerAnglesHint: {x: 0, y: 0, z: 0}
  m_Children:
  - {fileID: 416482}
  m_Father: {fileID: 486876}
  m_RootOrder: 0
--- !u!4 &486876
Transform:
  m_ObjectHideFlags: 1
  m_PrefabParentObject: {fileID: 0}
  m_PrefabInternal: {fileID: 100100000}
  m_GameObject: {fileID: 168936}
  m_LocalRotation: {x: 0, y: 0, z: 0, w: 1}
  m_LocalPosition: {x: 1.93, y: -1.56, z: 0}
  m_LocalScale: {x: 0.4, y: 0.4, z: 1}
  m_LocalEulerAnglesHint: {x: 0, y: 0, z: 0}
  m_Children:
  - {fileID: 431150}
  m_Father: {fileID: 0}
  m_RootOrder: 0
--- !u!50 &5076060
Rigidbody2D:
  serializedVersion: 2
  m_ObjectHideFlags: 1
  m_PrefabParentObject: {fileID: 0}
  m_PrefabInternal: {fileID: 100100000}
  m_GameObject: {fileID: 168936}
  m_UseAutoMass: 0
  m_Mass: 1
  m_LinearDrag: 0
  m_AngularDrag: 0.05
  m_GravityScale: 0
  m_IsKinematic: 1
  m_Interpolate: 0
  m_SleepingMode: 1
  m_CollisionDetection: 0
  m_Constraints: 0
--- !u!61 &6149422
BoxCollider2D:
  m_ObjectHideFlags: 1
  m_PrefabParentObject: {fileID: 0}
  m_PrefabInternal: {fileID: 100100000}
  m_GameObject: {fileID: 168936}
  m_Enabled: 1
  m_Density: 1
  m_Material: {fileID: 0}
  m_IsTrigger: 1
  m_UsedByEffector: 0
  m_Offset: {x: -0.080941394, y: -0.023799539}
  serializedVersion: 2
  m_Size: {x: 2.3916123, y: 2.403965}
--- !u!114 &11452316
MonoBehaviour:
  m_ObjectHideFlags: 1
  m_PrefabParentObject: {fileID: 0}
  m_PrefabInternal: {fileID: 100100000}
  m_GameObject: {fileID: 168936}
  m_Enabled: 1
  m_EditorHideFlags: 0
  m_Script: {fileID: 11500000, guid: 3a1535051381ec8428d99cb38fd3d571, type: 3}
  m_Name: 
  m_EditorClassIdentifier: 
  estadisticas: {fileID: 0}
  Died: 0
  isABoss: 0
  _EnemyTipe: 0
  InitHealth: 150
  InitShield: 0
  ShieldAbsorb: 0.5
--- !u!114 &11466222
MonoBehaviour:
  m_ObjectHideFlags: 1
  m_PrefabParentObject: {fileID: 0}
  m_PrefabInternal: {fileID: 100100000}
  m_GameObject: {fileID: 168936}
  m_Enabled: 1
  m_EditorHideFlags: 0
  m_Script: {fileID: 11500000, guid: 2b3187290e0b5f84187ef9e5de2f5430, type: 3}
  m_Name: 
  m_EditorClassIdentifier: 
  chancesOfDroping: 0
  Drop100: []
  MaxVelocityY: 0
  MaxVelocityX: 1.5
--- !u!114 &11466346
MonoBehaviour:
  m_ObjectHideFlags: 1
  m_PrefabParentObject: {fileID: 0}
  m_PrefabInternal: {fileID: 100100000}
  m_GameObject: {fileID: 168936}
  m_Enabled: 1
  m_EditorHideFlags: 0
  m_Script: {fileID: 11500000, guid: 693c7362622d38941bf9c82a6e67d718, type: 3}
  m_Name: 
  m_EditorClassIdentifier: 
  spriteRenderer: {fileID: 21223014}
  animations:
  - name: Walk
    fps: 1
    frames:
    - {fileID: 21300000, guid: d98b7290da5d1234d9307eb3f001a30e, type: 3}
    triggers: []
  - name: Dead
    fps: 24
    frames:
    - {fileID: 21300000, guid: 41091524c2f15184a87baee6e2a73eb1, type: 3}
    - {fileID: 21300000, guid: fccb6da9d76752144b9a39135643d9f1, type: 3}
    - {fileID: 21300000, guid: 5fba4925dcb25de47acd015bc5a0f193, type: 3}
    - {fileID: 21300000, guid: 91d56be288577604b89a1dadb53f5660, type: 3}
    - {fileID: 21300000, guid: bf15ec17457e88e4ea9f0f2d32142f72, type: 3}
    - {fileID: 21300000, guid: a7f63074e2046c14e853c2f20fe1389d, type: 3}
    - {fileID: 21300000, guid: 59dc355b8364d624282f22a0732d23af, type: 3}
    - {fileID: 21300000, guid: d9407129e1eff1949a8628875070383f, type: 3}
    - {fileID: 21300000, guid: 8a1e5871530feea44a2923d00ae2a11b, type: 3}
    - {fileID: 21300000, guid: 79b494f5f897db540a53d04d49550d63, type: 3}
    - {fileID: 21300000, guid: 68f1547d79300c34db74d5f747e520c0, type: 3}
    - {fileID: 21300000, guid: a952be9b5edcb6f46a602350bbb574b2, type: 3}
    - {fileID: 21300000, guid: 32d07a10a1e46474a87320ef94308009, type: 3}
    - {fileID: 21300000, guid: 6353cb314e80f6241acb95e504338eac, type: 3}
    - {fileID: 21300000, guid: 106bfb12cb018a8488389043c0604aa1, type: 3}
    - {fileID: 21300000, guid: 2c34d17de57a26344918e2d4199178bf, type: 3}
    - {fileID: 21300000, guid: cf101f47a58a1f34bb360412e1af33f5, type: 3}
    - {fileID: 21300000, guid: 6f6ab7ae238e40e458a3691c71a972b6, type: 3}
    - {fileID: 21300000, guid: 73e4c5c0f7227424ca88c6ea7bb0e913, type: 3}
    - {fileID: 21300000, guid: b63ee0297f2dc2043838b49446319dea, type: 3}
    - {fileID: 21300000, guid: acf542aea7610c645a3dd1db96640ac7, type: 3}
    - {fileID: 21300000, guid: ed56541c35ad18444885eda53476224c, type: 3}
    - {fileID: 21300000, guid: 6945329f86dac7a4bb698f3ade4da15e, type: 3}
    - {fileID: 21300000, guid: 0d6dd30d478e8c94a8c0e7e09a1defa7, type: 3}
    - {fileID: 21300000, guid: dde6b836027e5304c939fa9ed85a8a97, type: 3}
    - {fileID: 21300000, guid: 3a1932cb1ad23c648b14dc871a1ae219, type: 3}
    - {fileID: 21300000, guid: 06c346d3f36654d4090491a81bcd45f8, type: 3}
    - {fileID: 21300000, guid: 4b4d47cf4b7df2d4b89d300c11af4c97, type: 3}
    - {fileID: 21300000, guid: 179924f139be5884a9fb8f4a201275c9, type: 3}
    - {fileID: 21300000, guid: a54719e46d352d9479fc559f2ae737b9, type: 3}
    - {fileID: 21300000, guid: a45068a2c6ee9cc42bb5ff3f35c112c2, type: 3}
    - {fileID: 21300000, guid: 022775fd412dad444b8109accdd02051, type: 3}
    - {fileID: 21300000, guid: 0a0fdc7fb664693499fc8a1c72ecb7bd, type: 3}
    - {fileID: 21300000, guid: abf79f5c47456674e8ebdcd66558d4c6, type: 3}
    - {fileID: 21300000, guid: 42b976b7a18889a46b67ca092f488116, type: 3}
    - {fileID: 21300000, guid: 6843a7797d8ad0f44afa57da1ceee2b7, type: 3}
    - {fileID: 21300000, guid: 1d99660f24a043846a010ab1ad9a4be1, type: 3}
    - {fileID: 21300000, guid: a9797831dc5d53a4bba5cc9ab34d7135, type: 3}
    - {fileID: 21300000, guid: 43da0b526436e9243a328c6f454594c1, type: 3}
    - {fileID: 21300000, guid: c9bd22831b2acb74eb4337b00c51652f, type: 3}
    - {fileID: 21300000, guid: e506ae53bab4b9144a7ec11818166e07, type: 3}
    - {fileID: 21300000, guid: 05b169c02b0d8224d9e3b77c3de154d2, type: 3}
    - {fileID: 21300000, guid: adfba315ad95e2a4c8e1fca14327c628, type: 3}
    - {fileID: 21300000, guid: fab88a1ea3c1c344da40350722723f52, type: 3}
    - {fileID: 21300000, guid: f9a77a9b1b052574db198af45a706c29, type: 3}
    triggers: []
  playAnimationOnStart: Walk
  animationStartLoop: 1
--- !u!114 &11475478
MonoBehaviour:
  m_ObjectHideFlags: 1
  m_PrefabParentObject: {fileID: 0}
  m_PrefabInternal: {fileID: 100100000}
  m_GameObject: {fileID: 168936}
  m_Enabled: 1
  m_EditorHideFlags: 0
  m_Script: {fileID: 11500000, guid: 2d743c6b235e91c488b47c6fe7554aeb, type: 3}
  m_Name: 
  m_EditorClassIdentifier: 
  speedXaxis: 0
  speedForKamikazeBehaviour: 3
  posScreenToKamikazeGO: 0.7
  distanceDetectPlayer: 4
  radExplosion: 2
  amplitudeSinus: 4
  freqSinus: 3
  phaseAngleSinus: 0
  timeToWait: 1
  distanceToExplosionMine: 3
  MineDamage: 1000
  behaviour: 2
  ShakeOnStart: 0
  ShakeDelay: 0.2
  ShakeOfStartTime: 0
--- !u!114 &11485820
MonoBehaviour:
  m_ObjectHideFlags: 1
  m_PrefabParentObject: {fileID: 0}
  m_PrefabInternal: {fileID: 100100000}
  m_GameObject: {fileID: 128886}
  m_Enabled: 1
  m_EditorHideFlags: 0
  m_Script: {fileID: 11500000, guid: ab6678cf6cae5a3428650d9218cbd9ba, type: 3}
  m_Name: 
  m_EditorClassIdentifier: 
  Instan: {fileID: 0}
  FireRate: 0
  ShootOnStart: 0
  _BulletType: 0
  _IA: 0
  DamagePerHit: 0
  escaladovelocidad: 0
  dispersion: 0
  xoffset: 0
  yoffset: 0
--- !u!114 &11487976
MonoBehaviour:
  m_ObjectHideFlags: 1
  m_PrefabParentObject: {fileID: 0}
  m_PrefabInternal: {fileID: 100100000}
  m_GameObject: {fileID: 168936}
  m_Enabled: 1
  m_EditorHideFlags: 0
  m_Script: {fileID: 11500000, guid: 82bddae98718ff2429e15bb57ee1d94c, type: 3}
  m_Name: 
  m_EditorClassIdentifier: 
  pointsToGrant: 10
--- !u!212 &21223014
SpriteRenderer:
  m_ObjectHideFlags: 1
  m_PrefabParentObject: {fileID: 0}
  m_PrefabInternal: {fileID: 100100000}
  m_GameObject: {fileID: 168936}
  m_Enabled: 1
  m_CastShadows: 0
  m_ReceiveShadows: 0
  m_Materials:
  - {fileID: 10754, guid: 0000000000000000e000000000000000, type: 0}
  m_SubsetIndices: 
  m_StaticBatchRoot: {fileID: 0}
  m_UseLightProbes: 0
  m_ReflectionProbeUsage: 0
  m_ProbeAnchor: {fileID: 0}
  m_ScaleInLightmap: 1
  m_PreserveUVs: 0
  m_IgnoreNormalsForChartDetection: 0
  m_ImportantGI: 0
  m_MinimumChartSize: 4
  m_AutoUVMaxDistance: 0.5
  m_AutoUVMaxAngle: 89
  m_LightmapParameters: {fileID: 0}
  m_SortingLayerID: 1839885391
  m_SortingOrder: 0
  m_Sprite: {fileID: 21300000, guid: d98b7290da5d1234d9307eb3f001a30e, type: 3}
  m_Color: {r: 1, g: 1, b: 1, a: 1}
  m_FlipX: 0
  m_FlipY: 0
--- !u!1001 &100100000
Prefab:
  m_ObjectHideFlags: 1
  serializedVersion: 2
  m_Modification:
    m_TransformParent: {fileID: 0}
    m_Modifications: []
    m_RemovedComponents: []
  m_ParentPrefab: {fileID: 0}
  m_RootGameObject: {fileID: 168936}
  m_IsPrefabParent: 1
