%YAML 1.1
%TAG !u! tag:unity3d.com,2011:
--- !u!1 &161984
GameObject:
  m_ObjectHideFlags: 0
  m_PrefabParentObject: {fileID: 0}
  m_PrefabInternal: {fileID: 100100000}
  serializedVersion: 4
  m_Component:
  - 4: {fileID: 420874}
  - 212: {fileID: 21210340}
  - 61: {fileID: 6187924}
  - 50: {fileID: 5088204}
  - 114: {fileID: 11413054}
  - 114: {fileID: 11462342}
  - 114: {fileID: 11456316}
  - 114: {fileID: 11430368}
  - 114: {fileID: 11473524}
  - 114: {fileID: 11470552}
  m_Layer: 0
  m_Name: NaveCabezonCine
  m_TagString: Enemy-C
  m_Icon: {fileID: 0}
  m_NavMeshLayer: 0
  m_StaticEditorFlags: 0
  m_IsActive: 1
--- !u!1 &185974
GameObject:
  m_ObjectHideFlags: 0
  m_PrefabParentObject: {fileID: 0}
  m_PrefabInternal: {fileID: 100100000}
  serializedVersion: 4
  m_Component:
  - 4: {fileID: 405360}
  - 114: {fileID: 11491516}
  m_Layer: 0
  m_Name: Weapon
  m_TagString: Untagged
  m_Icon: {fileID: 0}
  m_NavMeshLayer: 0
  m_StaticEditorFlags: 0
  m_IsActive: 1
--- !u!1 &190944
GameObject:
  m_ObjectHideFlags: 1
  m_PrefabParentObject: {fileID: 0}
  m_PrefabInternal: {fileID: 100100000}
  serializedVersion: 4
  m_Component:
  - 4: {fileID: 422544}
  m_Layer: 0
  m_Name: ShootPoint
  m_TagString: ShootPoint
  m_Icon: {fileID: -4453645107408684167, guid: 0000000000000000d000000000000000, type: 0}
  m_NavMeshLayer: 0
  m_StaticEditorFlags: 0
  m_IsActive: 1
--- !u!4 &405360
Transform:
  m_ObjectHideFlags: 1
  m_PrefabParentObject: {fileID: 0}
  m_PrefabInternal: {fileID: 100100000}
  m_GameObject: {fileID: 185974}
  m_LocalRotation: {x: 0, y: 0, z: 0, w: 1}
  m_LocalPosition: {x: 1.07, y: -0.08, z: 0}
  m_LocalScale: {x: 1, y: 1, z: 1}
  m_LocalEulerAnglesHint: {x: 0, y: 0, z: 0}
  m_Children:
  - {fileID: 422544}
  m_Father: {fileID: 420874}
  m_RootOrder: 0
--- !u!4 &420874
Transform:
  m_ObjectHideFlags: 1
  m_PrefabParentObject: {fileID: 0}
  m_PrefabInternal: {fileID: 100100000}
  m_GameObject: {fileID: 161984}
  m_LocalRotation: {x: 0, y: 0, z: 0, w: 1}
  m_LocalPosition: {x: 29.626171, y: 14.539005, z: 0}
  m_LocalScale: {x: 0.2, y: 0.2, z: 1}
  m_LocalEulerAnglesHint: {x: 0, y: 0, z: 0}
  m_Children:
  - {fileID: 405360}
  m_Father: {fileID: 0}
  m_RootOrder: 0
--- !u!4 &422544
Transform:
  m_ObjectHideFlags: 1
  m_PrefabParentObject: {fileID: 0}
  m_PrefabInternal: {fileID: 100100000}
  m_GameObject: {fileID: 190944}
  m_LocalRotation: {x: 0, y: 0, z: 0, w: 1}
  m_LocalPosition: {x: -0.02, y: 0.02, z: 0}
  m_LocalScale: {x: 1, y: 1, z: 1}
  m_LocalEulerAnglesHint: {x: 0, y: 0, z: 0}
  m_Children: []
  m_Father: {fileID: 405360}
  m_RootOrder: 0
--- !u!50 &5088204
Rigidbody2D:
  serializedVersion: 2
  m_ObjectHideFlags: 1
  m_PrefabParentObject: {fileID: 0}
  m_PrefabInternal: {fileID: 100100000}
  m_GameObject: {fileID: 161984}
  m_UseAutoMass: 0
  m_Mass: 1
  m_LinearDrag: 0
  m_AngularDrag: 0.05
  m_GravityScale: 0
  m_IsKinematic: 1
  m_Interpolate: 0
  m_SleepingMode: 1
  m_CollisionDetection: 0
  m_Constraints: 0
--- !u!61 &6187924
BoxCollider2D:
  m_ObjectHideFlags: 1
  m_PrefabParentObject: {fileID: 0}
  m_PrefabInternal: {fileID: 100100000}
  m_GameObject: {fileID: 161984}
  m_Enabled: 1
  m_Density: 1
  m_Material: {fileID: 0}
  m_IsTrigger: 1
  m_UsedByEffector: 0
  m_Offset: {x: 0.27614594, y: 0.5791044}
  serializedVersion: 2
  m_Size: {x: 2.3373368, y: 1.8199432}
--- !u!114 &11413054
MonoBehaviour:
  m_ObjectHideFlags: 1
  m_PrefabParentObject: {fileID: 0}
  m_PrefabInternal: {fileID: 100100000}
  m_GameObject: {fileID: 161984}
  m_Enabled: 1
  m_EditorHideFlags: 0
  m_Script: {fileID: 11500000, guid: 693c7362622d38941bf9c82a6e67d718, type: 3}
  m_Name: 
  m_EditorClassIdentifier: 
  spriteRenderer: {fileID: 21210340}
  animations:
  - name: Walk
    fps: 24
    frames:
    - {fileID: 21300000, guid: 2cd19b259afd42a408258083925241ee, type: 3}
    - {fileID: 21300000, guid: e4d294c8eb169fc40b902a88c6d51f9a, type: 3}
    - {fileID: 21300000, guid: b7cbebbe98e49444cb5dfd506d630398, type: 3}
    - {fileID: 21300000, guid: bc6949ab8e6de394abb0e835f55f568b, type: 3}
    - {fileID: 21300000, guid: 02b3379cf660f604d87db5a1fe4a0345, type: 3}
    - {fileID: 21300000, guid: 3f2752bb4aac504439469f901dd09c49, type: 3}
    - {fileID: 21300000, guid: 517c546ea86345f49ac21e9491a5c0c8, type: 3}
    - {fileID: 21300000, guid: a4f897f60911ffe47a3b69391b1f0afe, type: 3}
    - {fileID: 21300000, guid: c055b339c4a4c564b9fa29a154d9efaf, type: 3}
    - {fileID: 21300000, guid: 1c7781070528ffc4fad56a951fdaa321, type: 3}
    - {fileID: 21300000, guid: f1b895927d7f82248804b9b70d7878b2, type: 3}
    - {fileID: 21300000, guid: c340ba3ec0dc32e4f9c6988045fef65a, type: 3}
    - {fileID: 21300000, guid: cd9bb7c2e40893842af5fea969c69a51, type: 3}
    - {fileID: 21300000, guid: 77fd67c39bed58d41a51aadef8340ac2, type: 3}
    - {fileID: 21300000, guid: 21b8b433daa4fb947a1ae95c799a9695, type: 3}
    - {fileID: 21300000, guid: 1fd895a19bb792f49868deaf6c4a64d7, type: 3}
    - {fileID: 21300000, guid: aee5be9183b0c434382c6bad02d37e7e, type: 3}
    - {fileID: 21300000, guid: a2f9efb54fb00714da8d9d08583d0a99, type: 3}
    - {fileID: 21300000, guid: cc2cf8d8b806ded4b905d7c873932ffb, type: 3}
    - {fileID: 21300000, guid: e22f4c6d6455d4b49b3c41f6de7d6240, type: 3}
    - {fileID: 21300000, guid: 0ff57716468b3d94cbb46dcc58f998b0, type: 3}
    - {fileID: 21300000, guid: 3be6fa201f2a0a94d9d0616234c03270, type: 3}
    - {fileID: 21300000, guid: fc2cee6b1cdcbff4dbfc42d88875838d, type: 3}
    - {fileID: 21300000, guid: ff0b87302f91eb040a06c43fe1e25454, type: 3}
    - {fileID: 21300000, guid: cc825867f8587f34c99b307dcb320299, type: 3}
    - {fileID: 21300000, guid: 61395136b9f10914daa04152448e68e5, type: 3}
    - {fileID: 21300000, guid: a1a77d696ecd5e04293de35003c81350, type: 3}
    - {fileID: 21300000, guid: 46e5224823cba324bbf145d6be2a0c98, type: 3}
    - {fileID: 21300000, guid: 6c0e11f475c80aa4c9424e30c312fe0a, type: 3}
    - {fileID: 21300000, guid: b33d8973439ebba4e978d6fe9252bf14, type: 3}
    - {fileID: 21300000, guid: 859cc06b9e6e21640a762aff223a1669, type: 3}
    - {fileID: 21300000, guid: b33d8973439ebba4e978d6fe9252bf14, type: 3}
    - {fileID: 21300000, guid: b07dca66b4f1ae74ea71f012dfc57825, type: 3}
    - {fileID: 21300000, guid: b336151af48707f43961e7a204b294fe, type: 3}
    - {fileID: 21300000, guid: 1e617eefc373fe64fb9f88625088c3ca, type: 3}
    - {fileID: 21300000, guid: 6d4ec74ada00a5a4485d84f0128422c4, type: 3}
    - {fileID: 21300000, guid: f82bcfe24d92825409ca240995cee44d, type: 3}
    - {fileID: 21300000, guid: c12ac8f5500f2f149802c32eb5e9234e, type: 3}
    - {fileID: 21300000, guid: 2619f7932f826de4991e67e571b10f4b, type: 3}
    - {fileID: 21300000, guid: 4f3832eda724ab54e8110052b074011f, type: 3}
    - {fileID: 21300000, guid: 4f3832eda724ab54e8110052b074011f, type: 3}
    - {fileID: 21300000, guid: ca9e74f43dd74ce459986c9b438a0729, type: 3}
    - {fileID: 21300000, guid: c89a9928f8c414f40b21f909bb42822a, type: 3}
    - {fileID: 21300000, guid: 190ff4a277b88f744ad63b21ffd48e6c, type: 3}
    triggers: []
  - name: Dead
    fps: 24
    frames:
    - {fileID: 21300000, guid: 3305a0d0c3239504c91e15ea8af0c0e4, type: 3}
    - {fileID: 21300000, guid: cba40aa2dc380114f8aab3b1f4af28bb, type: 3}
    - {fileID: 21300000, guid: fce5c9cb2b8402544bdfa38f05fb51a6, type: 3}
    - {fileID: 21300000, guid: d856de93c1372474eb7fd81b9d11cfd3, type: 3}
    - {fileID: 21300000, guid: 8e4746aa402c0054193f295547195018, type: 3}
    - {fileID: 21300000, guid: 868619f02c7a5cb408f00cf573eed40b, type: 3}
    - {fileID: 21300000, guid: b25d01c9f6af64d4fa2678ca43f09655, type: 3}
    - {fileID: 21300000, guid: 8df1d03258c25d34aa01d154f916c15a, type: 3}
    - {fileID: 21300000, guid: 156caa0b72c5af648b78e2f5d6f126f5, type: 3}
    - {fileID: 21300000, guid: ea906413292fda84497f5dcabd6d681f, type: 3}
    - {fileID: 21300000, guid: a187b2b3a97b0e44490b2e66e41bd040, type: 3}
    - {fileID: 21300000, guid: 7807e3df97991e940b35fb0bac3fab92, type: 3}
    - {fileID: 21300000, guid: 69e8087315aa6e447914e5108d38734c, type: 3}
    - {fileID: 21300000, guid: 1f8a8a3dfcddc6b408b1f8d80c5aad58, type: 3}
    - {fileID: 21300000, guid: 3d13d63a1f43da241ad35870eb705b36, type: 3}
    - {fileID: 21300000, guid: 33f7368f209dd4549a4faa325ef47a44, type: 3}
    - {fileID: 21300000, guid: 2878dd0f676664742a678296ba7d5554, type: 3}
    - {fileID: 21300000, guid: da509986698c8194ba612a66a70b4834, type: 3}
    - {fileID: 21300000, guid: 81d2f4073ef4121448bc1bc2f9624047, type: 3}
    - {fileID: 21300000, guid: 1f6552499aa6ef54f98b5ef774de2652, type: 3}
    - {fileID: 21300000, guid: b5454170737649844b76ab62239442d8, type: 3}
    - {fileID: 21300000, guid: 57e844e15a04464428015c2f9889a193, type: 3}
    - {fileID: 21300000, guid: fd3b91c8d12047b439fce13ecfd57639, type: 3}
    - {fileID: 21300000, guid: 75bd471a83be3ac4aa9c1c08aa7b08cb, type: 3}
    - {fileID: 21300000, guid: c3e51b04db4eecc4f8437f08b3d83137, type: 3}
    - {fileID: 21300000, guid: 249b4c2023264164c94247245ecdbcbc, type: 3}
    - {fileID: 21300000, guid: 8430407342b4f054b91f1b18a39e86a9, type: 3}
    - {fileID: 21300000, guid: e9d80e8afe05f0e4aacc4f461da40ec9, type: 3}
    - {fileID: 21300000, guid: a2aac2a26947f6c438bed0f08385a81f, type: 3}
    - {fileID: 21300000, guid: 8cfa91f095abd9348afc69bc749d833c, type: 3}
    triggers:
    - frame: 26
      name: Kill
  playAnimationOnStart: Walk
  animationStartLoop: 1
--- !u!114 &11430368
MonoBehaviour:
  m_ObjectHideFlags: 1
  m_PrefabParentObject: {fileID: 0}
  m_PrefabInternal: {fileID: 100100000}
  m_GameObject: {fileID: 161984}
  m_Enabled: 1
  m_EditorHideFlags: 0
  m_Script: {fileID: 11500000, guid: 82bddae98718ff2429e15bb57ee1d94c, type: 3}
  m_Name: 
  m_EditorClassIdentifier: 
  pointsToGrant: 20
--- !u!114 &11456316
MonoBehaviour:
  m_ObjectHideFlags: 1
  m_PrefabParentObject: {fileID: 0}
  m_PrefabInternal: {fileID: 100100000}
  m_GameObject: {fileID: 161984}
  m_Enabled: 1
  m_EditorHideFlags: 0
  m_Script: {fileID: 11500000, guid: 2d743c6b235e91c488b47c6fe7554aeb, type: 3}
  m_Name: 
  m_EditorClassIdentifier: 
  speedXaxis: 1
  speedForKamikazeBehaviour: 3
  posScreenToKamikazeGO: 0.7
  distanceDetectPlayer: 4
  radExplosion: 2
  amplitudeSinus: 4
  freqSinus: 3
  phaseAngleSinus: 0
  timeToWait: 1
  distanceToExplosionMine: 1.5
  MineDamage: 1000
  behaviour: 1
  ShakeOnStart: 0
  ShakeDelay: 0.2
  ShakeOfStartTime: 0
--- !u!114 &11462342
MonoBehaviour:
  m_ObjectHideFlags: 1
  m_PrefabParentObject: {fileID: 0}
  m_PrefabInternal: {fileID: 100100000}
  m_GameObject: {fileID: 161984}
  m_Enabled: 1
  m_EditorHideFlags: 0
  m_Script: {fileID: 11500000, guid: 2b3187290e0b5f84187ef9e5de2f5430, type: 3}
  m_Name: 
  m_EditorClassIdentifier: 
  chancesOfDroping: 0
  Drop100: []
  MaxVelocityY: 2
  MaxVelocityX: 2
--- !u!114 &11470552
MonoBehaviour:
  m_ObjectHideFlags: 1
  m_PrefabParentObject: {fileID: 0}
  m_PrefabInternal: {fileID: 100100000}
  m_GameObject: {fileID: 161984}
  m_Enabled: 1
  m_EditorHideFlags: 0
  m_Script: {fileID: 11500000, guid: 91c1ea1d9ac54624989dc693cea2f360, type: 3}
  m_Name: 
  m_EditorClassIdentifier: 
  EHC: {fileID: 11473524}
  Anim: {fileID: 0}
  DyingTime: 0.9
  SpriteAnimationDeathName: Dead
  MuerteJefeDeOleada: 0
--- !u!114 &11473524
MonoBehaviour:
  m_ObjectHideFlags: 1
  m_PrefabParentObject: {fileID: 0}
  m_PrefabInternal: {fileID: 100100000}
  m_GameObject: {fileID: 161984}
  m_Enabled: 1
  m_EditorHideFlags: 0
  m_Script: {fileID: 11500000, guid: 3a1535051381ec8428d99cb38fd3d571, type: 3}
  m_Name: 
  m_EditorClassIdentifier: 
  Died: 0
  isABoss: 0
  _EnemyTipe: 0
  InitHealth: 100
  InitShield: 0
  ShieldAbsorb: 0.5
--- !u!114 &11491516
MonoBehaviour:
  m_ObjectHideFlags: 1
  m_PrefabParentObject: {fileID: 0}
  m_PrefabInternal: {fileID: 100100000}
  m_GameObject: {fileID: 185974}
  m_Enabled: 1
  m_EditorHideFlags: 0
  m_Script: {fileID: 11500000, guid: ab6678cf6cae5a3428650d9218cbd9ba, type: 3}
  m_Name: 
  m_EditorClassIdentifier: 
  Instan: {fileID: 0}
  FireRate: 0.2
  ShootOnStart: 1
  _BulletType: 7
  _IA: 0
  DamagePerHit: 5
  escaladovelocidad: 10
  dispersion: 0
  xoffset: 0
  yoffset: 0
--- !u!212 &21210340
SpriteRenderer:
  m_ObjectHideFlags: 1
  m_PrefabParentObject: {fileID: 0}
  m_PrefabInternal: {fileID: 100100000}
  m_GameObject: {fileID: 161984}
  m_Enabled: 1
  m_CastShadows: 0
  m_ReceiveShadows: 0
  m_Materials:
  - {fileID: 10754, guid: 0000000000000000e000000000000000, type: 0}
  m_SubsetIndices: 
  m_StaticBatchRoot: {fileID: 0}
  m_UseLightProbes: 0
  m_ReflectionProbeUsage: 0
  m_ProbeAnchor: {fileID: 0}
  m_ScaleInLightmap: 1
  m_PreserveUVs: 0
  m_IgnoreNormalsForChartDetection: 0
  m_ImportantGI: 0
  m_MinimumChartSize: 4
  m_AutoUVMaxDistance: 0.5
  m_AutoUVMaxAngle: 89
  m_LightmapParameters: {fileID: 0}
  m_SortingLayerID: 1839885391
  m_SortingOrder: -2
  m_Sprite: {fileID: 21300000, guid: 2cd19b259afd42a408258083925241ee, type: 3}
  m_Color: {r: 1, g: 1, b: 1, a: 1}
  m_FlipX: 0
  m_FlipY: 0
--- !u!1001 &100100000
Prefab:
  m_ObjectHideFlags: 1
  serializedVersion: 2
  m_Modification:
    m_TransformParent: {fileID: 0}
    m_Modifications: []
    m_RemovedComponents: []
  m_ParentPrefab: {fileID: 0}
  m_RootGameObject: {fileID: 161984}
  m_IsPrefabParent: 1
