%YAML 1.1
%TAG !u! tag:unity3d.com,2011:
--- !u!1 &151522
GameObject:
  m_ObjectHideFlags: 0
  m_PrefabParentObject: {fileID: 0}
  m_PrefabInternal: {fileID: 100100000}
  serializedVersion: 4
  m_Component:
  - 4: {fileID: 460600}
  - 114: {fileID: 11440234}
  m_Layer: 0
  m_Name: Weapon
  m_TagString: Untagged
  m_Icon: {fileID: 0}
  m_NavMeshLayer: 0
  m_StaticEditorFlags: 0
  m_IsActive: 1
--- !u!1 &159950
GameObject:
  m_ObjectHideFlags: 1
  m_PrefabParentObject: {fileID: 0}
  m_PrefabInternal: {fileID: 100100000}
  serializedVersion: 4
  m_Component:
  - 4: {fileID: 494242}
  m_Layer: 0
  m_Name: ShootPoint
  m_TagString: ShootPoint
  m_Icon: {fileID: -4453645107408684167, guid: 0000000000000000d000000000000000, type: 0}
  m_NavMeshLayer: 0
  m_StaticEditorFlags: 0
  m_IsActive: 1
--- !u!1 &180620
GameObject:
  m_ObjectHideFlags: 0
  m_PrefabParentObject: {fileID: 0}
  m_PrefabInternal: {fileID: 100100000}
  serializedVersion: 4
  m_Component:
  - 4: {fileID: 449176}
  - 212: {fileID: 21220744}
  - 61: {fileID: 6143112}
  - 50: {fileID: 5069460}
  - 114: {fileID: 11459064}
  - 114: {fileID: 11448504}
  - 114: {fileID: 11423598}
  - 114: {fileID: 11409050}
  - 114: {fileID: 11426488}
  - 114: {fileID: 11436832}
  m_Layer: 0
  m_Name: Osisteo
  m_TagString: Enemy
  m_Icon: {fileID: 0}
  m_NavMeshLayer: 0
  m_StaticEditorFlags: 0
  m_IsActive: 1
--- !u!4 &449176
Transform:
  m_ObjectHideFlags: 1
  m_PrefabParentObject: {fileID: 0}
  m_PrefabInternal: {fileID: 100100000}
  m_GameObject: {fileID: 180620}
  m_LocalRotation: {x: 0, y: 0, z: 0, w: 1}
  m_LocalPosition: {x: 4.228039, y: -1.6525483, z: 0}
  m_LocalScale: {x: 0.6, y: 0.6, z: 1}
  m_LocalEulerAnglesHint: {x: 0, y: 0, z: 0}
  m_Children:
  - {fileID: 460600}
  m_Father: {fileID: 0}
  m_RootOrder: 0
--- !u!4 &460600
Transform:
  m_ObjectHideFlags: 1
  m_PrefabParentObject: {fileID: 0}
  m_PrefabInternal: {fileID: 100100000}
  m_GameObject: {fileID: 151522}
  m_LocalRotation: {x: 0, y: 0, z: 0, w: 1}
  m_LocalPosition: {x: -0.1, y: -0.39, z: 0}
  m_LocalScale: {x: 1, y: 1, z: 1}
  m_LocalEulerAnglesHint: {x: 0, y: 0, z: 0}
  m_Children:
  - {fileID: 494242}
  m_Father: {fileID: 449176}
  m_RootOrder: 0
--- !u!4 &494242
Transform:
  m_ObjectHideFlags: 1
  m_PrefabParentObject: {fileID: 0}
  m_PrefabInternal: {fileID: 100100000}
  m_GameObject: {fileID: 159950}
  m_LocalRotation: {x: 0, y: 0, z: 0, w: 1}
  m_LocalPosition: {x: -0.59, y: 0.22, z: 0}
  m_LocalScale: {x: 1, y: 1, z: 1}
  m_LocalEulerAnglesHint: {x: 0, y: 0, z: 0}
  m_Children: []
  m_Father: {fileID: 460600}
  m_RootOrder: 0
--- !u!50 &5069460
Rigidbody2D:
  serializedVersion: 2
  m_ObjectHideFlags: 1
  m_PrefabParentObject: {fileID: 0}
  m_PrefabInternal: {fileID: 100100000}
  m_GameObject: {fileID: 180620}
  m_UseAutoMass: 0
  m_Mass: 1
  m_LinearDrag: 0
  m_AngularDrag: 0.05
  m_GravityScale: 0
  m_IsKinematic: 1
  m_Interpolate: 0
  m_SleepingMode: 1
  m_CollisionDetection: 0
  m_Constraints: 0
--- !u!61 &6143112
BoxCollider2D:
  m_ObjectHideFlags: 1
  m_PrefabParentObject: {fileID: 0}
  m_PrefabInternal: {fileID: 100100000}
  m_GameObject: {fileID: 180620}
  m_Enabled: 1
  m_Density: 1
  m_Material: {fileID: 0}
  m_IsTrigger: 1
  m_UsedByEffector: 0
  m_Offset: {x: -0.104975976, y: -0.2223462}
  serializedVersion: 2
  m_Size: {x: 2.4820685, y: 1.278149}
--- !u!114 &11409050
MonoBehaviour:
  m_ObjectHideFlags: 1
  m_PrefabParentObject: {fileID: 0}
  m_PrefabInternal: {fileID: 100100000}
  m_GameObject: {fileID: 180620}
  m_Enabled: 1
  m_EditorHideFlags: 0
  m_Script: {fileID: 11500000, guid: 82bddae98718ff2429e15bb57ee1d94c, type: 3}
  m_Name: 
  m_EditorClassIdentifier: 
  pointsToGrant: 20
--- !u!114 &11423598
MonoBehaviour:
  m_ObjectHideFlags: 1
  m_PrefabParentObject: {fileID: 0}
  m_PrefabInternal: {fileID: 100100000}
  m_GameObject: {fileID: 180620}
  m_Enabled: 1
  m_EditorHideFlags: 0
  m_Script: {fileID: 11500000, guid: 2d743c6b235e91c488b47c6fe7554aeb, type: 3}
  m_Name: 
  m_EditorClassIdentifier: 
  speedXaxis: 0
  speedForKamikazeBehaviour: 3
  posScreenToKamikazeGO: 0.7
  distanceDetectPlayer: 4
  radExplosion: 2
  amplitudeSinus: 0
  freqSinus: 0
  phaseAngleSinus: 0
  timeToWait: 0
  distanceToExplosionMine: 1.5
  MineDamage: 1000
  behaviour: 1
  ShakeOnStart: 0
  ShakeDelay: 0.2
  ShakeOfStartTime: 0
--- !u!114 &11426488
MonoBehaviour:
  m_ObjectHideFlags: 1
  m_PrefabParentObject: {fileID: 0}
  m_PrefabInternal: {fileID: 100100000}
  m_GameObject: {fileID: 180620}
  m_Enabled: 1
  m_EditorHideFlags: 0
  m_Script: {fileID: 11500000, guid: 3a1535051381ec8428d99cb38fd3d571, type: 3}
  m_Name: 
  m_EditorClassIdentifier: 
  estadisticas: {fileID: 0}
  Died: 0
  isABoss: 0
  _EnemyTipe: 0
  InitHealth: 150
  InitShield: 0
  ShieldAbsorb: 0.5
--- !u!114 &11436832
MonoBehaviour:
  m_ObjectHideFlags: 1
  m_PrefabParentObject: {fileID: 0}
  m_PrefabInternal: {fileID: 100100000}
  m_GameObject: {fileID: 180620}
  m_Enabled: 1
  m_EditorHideFlags: 0
  m_Script: {fileID: 11500000, guid: 91c1ea1d9ac54624989dc693cea2f360, type: 3}
  m_Name: 
  m_EditorClassIdentifier: 
  EHC: {fileID: 11426488}
  Anim: {fileID: 0}
  DyingTime: 0.8
  SpriteAnimationDeathName: Dead
  MuerteJefeDeOleada: 0
--- !u!114 &11440234
MonoBehaviour:
  m_ObjectHideFlags: 1
  m_PrefabParentObject: {fileID: 0}
  m_PrefabInternal: {fileID: 100100000}
  m_GameObject: {fileID: 151522}
  m_Enabled: 1
  m_EditorHideFlags: 0
  m_Script: {fileID: 11500000, guid: ab6678cf6cae5a3428650d9218cbd9ba, type: 3}
  m_Name: 
  m_EditorClassIdentifier: 
  Instan: {fileID: 0}
  FireRate: 0.3
  ShootOnStart: 1
  _BulletType: 8
  _IA: 1
  DamagePerHit: 10
  escaladovelocidad: 10
  dispersion: 0.1
  xoffset: 0
  yoffset: 0.25
--- !u!114 &11448504
MonoBehaviour:
  m_ObjectHideFlags: 1
  m_PrefabParentObject: {fileID: 0}
  m_PrefabInternal: {fileID: 100100000}
  m_GameObject: {fileID: 180620}
  m_Enabled: 1
  m_EditorHideFlags: 0
  m_Script: {fileID: 11500000, guid: 2b3187290e0b5f84187ef9e5de2f5430, type: 3}
  m_Name: 
  m_EditorClassIdentifier: 
  chancesOfDroping: 0.25
  Drop100: []
  MaxVelocityY: 0
  MaxVelocityX: 1.5
--- !u!114 &11459064
MonoBehaviour:
  m_ObjectHideFlags: 1
  m_PrefabParentObject: {fileID: 0}
  m_PrefabInternal: {fileID: 100100000}
  m_GameObject: {fileID: 180620}
  m_Enabled: 1
  m_EditorHideFlags: 0
  m_Script: {fileID: 11500000, guid: 693c7362622d38941bf9c82a6e67d718, type: 3}
  m_Name: 
  m_EditorClassIdentifier: 
  spriteRenderer: {fileID: 21220744}
  animations:
  - name: Walk
    fps: 60
    frames:
    - {fileID: 21300000, guid: d8fc9ebc12a8f944989cfd041fbe8f57, type: 3}
    - {fileID: 21300000, guid: 9487f5425b0e6294e8d13373c9c49c8e, type: 3}
    - {fileID: 21300000, guid: 8408f853f3f87124f9354b776494d92d, type: 3}
    - {fileID: 21300000, guid: 4d7c10ff1ebc6394885c6219a2c6b2d6, type: 3}
    - {fileID: 21300000, guid: 5442772d58f580144a04d225b7fd19e2, type: 3}
    - {fileID: 21300000, guid: e30c41cad6de4054881a86592c4e0e13, type: 3}
    - {fileID: 21300000, guid: 1da5871c01021454cbb6e06c650ed437, type: 3}
    - {fileID: 21300000, guid: 88c056473c4392449b3dc4086e55d53d, type: 3}
    - {fileID: 21300000, guid: c58fce8c6cc954a47941223c3dd9a151, type: 3}
    - {fileID: 21300000, guid: 98cc0c0144602dd46b0fcd65c9fc38cd, type: 3}
    - {fileID: 21300000, guid: b7c17042eaf9302478e208931a136290, type: 3}
    - {fileID: 21300000, guid: e05a1e0c577502d4b9d636e597208a30, type: 3}
    - {fileID: 21300000, guid: 6dbbca61f4500d247b8a974a395a3b91, type: 3}
    - {fileID: 21300000, guid: 5d6a563b31f0e4540921b584da0ef376, type: 3}
    - {fileID: 21300000, guid: f767e036bb3dc954a8f2646e2922e8ff, type: 3}
    - {fileID: 21300000, guid: cec9923ab50a0b84bacdbfbda16a127d, type: 3}
    - {fileID: 21300000, guid: 99f8b00808d1c5b498ab401dcc17cc64, type: 3}
    - {fileID: 21300000, guid: 6b5c349a6d07b6646a1d0aa504eb06ba, type: 3}
    - {fileID: 21300000, guid: ee7b55bd9d8c8784b90bf542900398d1, type: 3}
    - {fileID: 21300000, guid: c83a28127aab1374fada4cef76059d93, type: 3}
    - {fileID: 21300000, guid: 0508e50a1edf8ce42838dc1a6ef68aca, type: 3}
    - {fileID: 21300000, guid: 0222fbce2f6dbc84ab391c24d61c7c74, type: 3}
    - {fileID: 21300000, guid: 224c10da4fb575049b3a451a4892876a, type: 3}
    - {fileID: 21300000, guid: 3a69f6618eeee7e4fa94c3c6994c06fa, type: 3}
    - {fileID: 21300000, guid: 62249ebb8ef91c4409ae8c11cbc667dd, type: 3}
    - {fileID: 21300000, guid: fe7ad15ea89e1404c99328428ae89764, type: 3}
    - {fileID: 21300000, guid: ed406ade97101d04b837cafbef7882e5, type: 3}
    - {fileID: 21300000, guid: d7e7b8383f7a3ec47bbddb13bdc4350e, type: 3}
    - {fileID: 21300000, guid: 8173a58d57d336045a954359d50b4bd8, type: 3}
    - {fileID: 21300000, guid: 8debde426712492498f8034d70480923, type: 3}
    triggers: []
  - name: Dead
    fps: 12
    frames:
    - {fileID: 21300000, guid: 5d42caa0c89a9d54aa6125ee3bfc65ae, type: 3}
    - {fileID: 21300000, guid: 045d777d27f32ac4887fa311461a8827, type: 3}
    - {fileID: 21300000, guid: cc02f3ec5f43fb04988917fbac6c2903, type: 3}
    - {fileID: 21300000, guid: 11e452e30daea714aa9e4937f0c47382, type: 3}
    - {fileID: 21300000, guid: 354e753483d247a4db6fdda2f360f4bf, type: 3}
    - {fileID: 21300000, guid: b8f53eaedfc1ba346be7581dcbcc0f23, type: 3}
    - {fileID: 21300000, guid: edfb9ef469376a94c8fa3f0c6da191e0, type: 3}
    - {fileID: 21300000, guid: 6518ebc139a343543915b210c23ebf36, type: 3}
    - {fileID: 21300000, guid: 99e4181fc6bb8f1479cd309595acf27c, type: 3}
    - {fileID: 21300000, guid: fc95d499213fed943895e908973d2cd2, type: 3}
    - {fileID: 21300000, guid: 276957408c509164bae063d0955405b1, type: 3}
    - {fileID: 21300000, guid: 73c7bf54839e3d94cb21f8c23b38cfff, type: 3}
    - {fileID: 21300000, guid: fd753f4f07eb0514bba3d4bc0489b787, type: 3}
    - {fileID: 21300000, guid: d549b98f6c1e3ba4db980f1a0dfe3136, type: 3}
    - {fileID: 21300000, guid: 576e5b31e827c3b44ad5a3854810be18, type: 3}
    - {fileID: 21300000, guid: 4865ff8dbbb3cb947b0fa0880e98ce50, type: 3}
    - {fileID: 21300000, guid: ade2c48dee1100c4193cd441ef865df6, type: 3}
    - {fileID: 21300000, guid: 9b14fa50500a3de4594c9dad766fcc94, type: 3}
    - {fileID: 21300000, guid: 0ee7ec4d80f1dda40af2a215067564fb, type: 3}
    - {fileID: 21300000, guid: 5569d2a051c165a458f46110e5959156, type: 3}
    - {fileID: 21300000, guid: 59f3c5a44023f0641bc3d621100a518a, type: 3}
    - {fileID: 21300000, guid: f6043061e1962b04a80b0b60807143bc, type: 3}
    - {fileID: 21300000, guid: 6c5f011b75c4c2c438e98b8a60a2fcac, type: 3}
    - {fileID: 21300000, guid: 8f1a90eee4e244641941576057f950bf, type: 3}
    - {fileID: 21300000, guid: 4b26e8de23088874cb81dfb3c82558a3, type: 3}
    triggers:
    - frame: 7
      name: Kill
  playAnimationOnStart: Walk
  animationStartLoop: 1
--- !u!212 &21220744
SpriteRenderer:
  m_ObjectHideFlags: 1
  m_PrefabParentObject: {fileID: 0}
  m_PrefabInternal: {fileID: 100100000}
  m_GameObject: {fileID: 180620}
  m_Enabled: 1
  m_CastShadows: 0
  m_ReceiveShadows: 0
  m_Materials:
  - {fileID: 10754, guid: 0000000000000000e000000000000000, type: 0}
  m_SubsetIndices: 
  m_StaticBatchRoot: {fileID: 0}
  m_UseLightProbes: 0
  m_ReflectionProbeUsage: 0
  m_ProbeAnchor: {fileID: 0}
  m_ScaleInLightmap: 1
  m_PreserveUVs: 0
  m_IgnoreNormalsForChartDetection: 0
  m_ImportantGI: 0
  m_MinimumChartSize: 4
  m_AutoUVMaxDistance: 0.5
  m_AutoUVMaxAngle: 89
  m_LightmapParameters: {fileID: 0}
  m_SortingLayerID: 1839885391
  m_SortingOrder: 0
  m_Sprite: {fileID: 21300000, guid: 269ad4b8e1d0a4e429481791b60ae389, type: 3}
  m_Color: {r: 1, g: 1, b: 1, a: 1}
  m_FlipX: 0
  m_FlipY: 0
--- !u!1001 &100100000
Prefab:
  m_ObjectHideFlags: 1
  serializedVersion: 2
  m_Modification:
    m_TransformParent: {fileID: 0}
    m_Modifications: []
    m_RemovedComponents: []
  m_ParentPrefab: {fileID: 0}
  m_RootGameObject: {fileID: 180620}
  m_IsPrefabParent: 1
