%YAML 1.1
%TAG !u! tag:unity3d.com,2011:
--- !u!29 &1
SceneSettings:
  m_ObjectHideFlags: 0
  m_PVSData: 
  m_PVSObjectsArray: []
  m_PVSPortalsArray: []
  m_OcclusionBakeSettings:
    smallestOccluder: 5
    smallestHole: 0.25
    backfaceThreshold: 100
--- !u!104 &2
RenderSettings:
  m_ObjectHideFlags: 0
  serializedVersion: 6
  m_Fog: 0
  m_FogColor: {r: 0.5, g: 0.5, b: 0.5, a: 1}
  m_FogMode: 3
  m_FogDensity: 0.01
  m_LinearFogStart: 0
  m_LinearFogEnd: 300
  m_AmbientSkyColor: {r: 0.212, g: 0.227, b: 0.259, a: 1}
  m_AmbientEquatorColor: {r: 0.114, g: 0.125, b: 0.133, a: 1}
  m_AmbientGroundColor: {r: 0.047, g: 0.043, b: 0.035, a: 1}
  m_AmbientIntensity: 1
  m_AmbientMode: 3
  m_SkyboxMaterial: {fileID: 0}
  m_HaloStrength: 0.5
  m_FlareStrength: 1
  m_FlareFadeSpeed: 3
  m_HaloTexture: {fileID: 0}
  m_SpotCookie: {fileID: 10001, guid: 0000000000000000e000000000000000, type: 0}
  m_DefaultReflectionMode: 0
  m_DefaultReflectionResolution: 128
  m_ReflectionBounces: 1
  m_ReflectionIntensity: 1
  m_CustomReflection: {fileID: 0}
  m_Sun: {fileID: 0}
--- !u!157 &4
LightmapSettings:
  m_ObjectHideFlags: 0
  serializedVersion: 6
  m_GIWorkflowMode: 1
  m_LightmapsMode: 1
  m_GISettings:
    serializedVersion: 2
    m_BounceScale: 1
    m_IndirectOutputScale: 1
    m_AlbedoBoost: 1
    m_TemporalCoherenceThreshold: 1
    m_EnvironmentLightingMode: 0
    m_EnableBakedLightmaps: 0
    m_EnableRealtimeLightmaps: 0
  m_LightmapEditorSettings:
    serializedVersion: 3
    m_Resolution: 2
    m_BakeResolution: 40
    m_TextureWidth: 1024
    m_TextureHeight: 1024
    m_AOMaxDistance: 1
    m_Padding: 2
    m_CompAOExponent: 0
    m_LightmapParameters: {fileID: 0}
    m_TextureCompression: 1
    m_FinalGather: 0
    m_FinalGatherRayCount: 1024
    m_ReflectionCompression: 2
  m_LightingDataAsset: {fileID: 0}
  m_RuntimeCPUUsage: 25
--- !u!196 &5
NavMeshSettings:
  serializedVersion: 2
  m_ObjectHideFlags: 0
  m_BuildSettings:
    serializedVersion: 2
    agentRadius: 0.5
    agentHeight: 2
    agentSlope: 45
    agentClimb: 0.4
    ledgeDropHeight: 0
    maxJumpAcrossDistance: 0
    accuratePlacement: 0
    minRegionArea: 2
    cellSize: 0.16666667
    manualCellSize: 0
  m_NavMeshData: {fileID: 0}
--- !u!1 &23085908
GameObject:
  m_ObjectHideFlags: 0
  m_PrefabParentObject: {fileID: 0}
  m_PrefabInternal: {fileID: 0}
  serializedVersion: 4
  m_Component:
  - 4: {fileID: 23085909}
  - 114: {fileID: 23085910}
  m_Layer: 0
  m_Name: Background1
  m_TagString: ParallaxBackground
  m_Icon: {fileID: 0}
  m_NavMeshLayer: 0
  m_StaticEditorFlags: 0
  m_IsActive: 1
--- !u!4 &23085909
Transform:
  m_ObjectHideFlags: 0
  m_PrefabParentObject: {fileID: 0}
  m_PrefabInternal: {fileID: 0}
  m_GameObject: {fileID: 23085908}
  m_LocalRotation: {x: 0, y: 0, z: 0, w: 1}
  m_LocalPosition: {x: 10.9, y: 0, z: 0}
  m_LocalScale: {x: 1, y: 1, z: 1}
  m_LocalEulerAnglesHint: {x: 0, y: 0, z: 0}
  m_Children:
  - {fileID: 792307295}
  m_Father: {fileID: 1370810283}
  m_RootOrder: 1
--- !u!114 &23085910
MonoBehaviour:
  m_ObjectHideFlags: 0
  m_PrefabParentObject: {fileID: 0}
  m_PrefabInternal: {fileID: 0}
  m_GameObject: {fileID: 23085908}
  m_Enabled: 1
  m_EditorHideFlags: 0
  m_Script: {fileID: 11500000, guid: 4b1783e51b52a224d806697a363fc38b, type: 3}
  m_Name: 
  m_EditorClassIdentifier: 
  speed: 1.25
--- !u!1 &27452104
GameObject:
  m_ObjectHideFlags: 0
  m_PrefabParentObject: {fileID: 0}
  m_PrefabInternal: {fileID: 0}
  serializedVersion: 4
  m_Component:
  - 4: {fileID: 27452105}
  - 114: {fileID: 27452106}
  m_Layer: 0
  m_Name: progresivo
  m_TagString: Untagged
  m_Icon: {fileID: 0}
  m_NavMeshLayer: 0
  m_StaticEditorFlags: 0
  m_IsActive: 1
--- !u!4 &27452105
Transform:
  m_ObjectHideFlags: 0
  m_PrefabParentObject: {fileID: 0}
  m_PrefabInternal: {fileID: 0}
  m_GameObject: {fileID: 27452104}
  m_LocalRotation: {x: 0, y: 0, z: 0, w: 1}
  m_LocalPosition: {x: 0, y: 0, z: 0}
  m_LocalScale: {x: 1, y: 1, z: 1}
  m_LocalEulerAnglesHint: {x: 0, y: 0, z: 0}
  m_Children: []
  m_Father: {fileID: 1366565714}
  m_RootOrder: 2
--- !u!114 &27452106
MonoBehaviour:
  m_ObjectHideFlags: 0
  m_PrefabParentObject: {fileID: 0}
  m_PrefabInternal: {fileID: 0}
  m_GameObject: {fileID: 27452104}
  m_Enabled: 1
  m_EditorHideFlags: 0
  m_Script: {fileID: 11500000, guid: 96b7ed44a0a72a646a05bbe63e2e7cd1, type: 3}
  m_Name: 
  m_EditorClassIdentifier: 
  Framechange: 55
  ComRainHeight: 10
  ComMinGravity: 0
  ComMaxGravity: 0
  ComXStarRain: 15
  ComSpeed: 7
  ComYSpeed: 7
  ComProbperframe: 0
  METRainHeight: 4.5
  METMinGravity: 0
  METMaxGravity: 0
  METSpeed: 5
  METYSpeed: 0
  METProbperframe: 0.05
  Deployed: 0
--- !u!1 &117884758
GameObject:
  m_ObjectHideFlags: 0
  m_PrefabParentObject: {fileID: 0}
  m_PrefabInternal: {fileID: 0}
  serializedVersion: 4
  m_Component:
  - 4: {fileID: 117884759}
  - 114: {fileID: 117884761}
  - 82: {fileID: 117884760}
  m_Layer: 0
  m_Name: Music_Manager
  m_TagString: Untagged
  m_Icon: {fileID: 0}
  m_NavMeshLayer: 0
  m_StaticEditorFlags: 0
  m_IsActive: 1
--- !u!4 &117884759
Transform:
  m_ObjectHideFlags: 0
  m_PrefabParentObject: {fileID: 0}
  m_PrefabInternal: {fileID: 0}
  m_GameObject: {fileID: 117884758}
  m_LocalRotation: {x: 0, y: 0, z: 0, w: 1}
  m_LocalPosition: {x: 0, y: 0, z: 0}
  m_LocalScale: {x: 1, y: 1, z: 1}
  m_LocalEulerAnglesHint: {x: 0, y: 0, z: 0}
  m_Children: []
  m_Father: {fileID: 1542409500}
  m_RootOrder: 1
--- !u!82 &117884760
AudioSource:
  m_ObjectHideFlags: 0
  m_PrefabParentObject: {fileID: 0}
  m_PrefabInternal: {fileID: 0}
  m_GameObject: {fileID: 117884758}
  m_Enabled: 1
  serializedVersion: 4
  OutputAudioMixerGroup: {fileID: 0}
  m_audioClip: {fileID: 0}
  m_PlayOnAwake: 0
  m_Volume: 0.5
  m_Pitch: 1
  Loop: 0
  Mute: 0
  Spatialize: 0
  Priority: 130
  DopplerLevel: 1
  MinDistance: 1
  MaxDistance: 500
  Pan2D: 0
  rolloffMode: 0
  BypassEffects: 0
  BypassListenerEffects: 0
  BypassReverbZones: 0
  rolloffCustomCurve:
    serializedVersion: 2
    m_Curve:
    - time: 0
      value: 1
      inSlope: 0
      outSlope: 0
      tangentMode: 0
    - time: 1
      value: 0
      inSlope: 0
      outSlope: 0
      tangentMode: 0
    m_PreInfinity: 2
    m_PostInfinity: 2
    m_RotationOrder: 4
  panLevelCustomCurve:
    serializedVersion: 2
    m_Curve:
    - time: 0
      value: 0
      inSlope: 0
      outSlope: 0
      tangentMode: 0
    m_PreInfinity: 2
    m_PostInfinity: 2
    m_RotationOrder: 0
  spreadCustomCurve:
    serializedVersion: 2
    m_Curve:
    - time: 0
      value: 0
      inSlope: 0
      outSlope: 0
      tangentMode: 0
    m_PreInfinity: 2
    m_PostInfinity: 2
    m_RotationOrder: 4
  reverbZoneMixCustomCurve:
    serializedVersion: 2
    m_Curve:
    - time: 0
      value: 1
      inSlope: 0
      outSlope: 0
      tangentMode: 0
    m_PreInfinity: 2
    m_PostInfinity: 2
    m_RotationOrder: 0
--- !u!114 &117884761
MonoBehaviour:
  m_ObjectHideFlags: 0
  m_PrefabParentObject: {fileID: 0}
  m_PrefabInternal: {fileID: 0}
  m_GameObject: {fileID: 117884758}
  m_Enabled: 1
  m_EditorHideFlags: 0
  m_Script: {fileID: 11500000, guid: 91490af03f176864bac944854224a23a, type: 3}
  m_Name: 
  m_EditorClassIdentifier: 
  levelMusic: {fileID: 8300000, guid: 716f2ee4e8594b24b9751390976468ae, type: 3}
  introBossMusic: {fileID: 8300000, guid: 075fb9b420360874786eebed51e4fbf4, type: 3}
  bossMusic: {fileID: 8300000, guid: 30ae3771a5ebca1449697cae38316e55, type: 3}
--- !u!1001 &221209162
Prefab:
  m_ObjectHideFlags: 0
  serializedVersion: 2
  m_Modification:
    m_TransformParent: {fileID: 0}
    m_Modifications:
    - target: {fileID: 445494, guid: 42142d1b95ba4364e805b84a1897d148, type: 2}
      propertyPath: m_LocalPosition.x
      value: -7.21
      objectReference: {fileID: 0}
    - target: {fileID: 445494, guid: 42142d1b95ba4364e805b84a1897d148, type: 2}
      propertyPath: m_LocalPosition.y
      value: 0.19
      objectReference: {fileID: 0}
    - target: {fileID: 445494, guid: 42142d1b95ba4364e805b84a1897d148, type: 2}
      propertyPath: m_LocalPosition.z
      value: 0
      objectReference: {fileID: 0}
    - target: {fileID: 445494, guid: 42142d1b95ba4364e805b84a1897d148, type: 2}
      propertyPath: m_LocalRotation.x
      value: 0
      objectReference: {fileID: 0}
    - target: {fileID: 445494, guid: 42142d1b95ba4364e805b84a1897d148, type: 2}
      propertyPath: m_LocalRotation.y
      value: 0
      objectReference: {fileID: 0}
    - target: {fileID: 445494, guid: 42142d1b95ba4364e805b84a1897d148, type: 2}
      propertyPath: m_LocalRotation.z
      value: 0
      objectReference: {fileID: 0}
    - target: {fileID: 445494, guid: 42142d1b95ba4364e805b84a1897d148, type: 2}
      propertyPath: m_LocalRotation.w
      value: 1
      objectReference: {fileID: 0}
    - target: {fileID: 445494, guid: 42142d1b95ba4364e805b84a1897d148, type: 2}
      propertyPath: m_RootOrder
      value: 13
      objectReference: {fileID: 0}
    - target: {fileID: 11434462, guid: 42142d1b95ba4364e805b84a1897d148, type: 2}
      propertyPath: estadisticas
      value: 
      objectReference: {fileID: 1884453639}
    - target: {fileID: 11409002, guid: 42142d1b95ba4364e805b84a1897d148, type: 2}
      propertyPath: estadisticas
      value: 
      objectReference: {fileID: 1884453639}
    m_RemovedComponents: []
  m_ParentPrefab: {fileID: 100100000, guid: 42142d1b95ba4364e805b84a1897d148, type: 2}
  m_IsPrefabParent: 0
--- !u!114 &246995310 stripped
MonoBehaviour:
  m_PrefabParentObject: {fileID: 11495472, guid: d2a32c04033306040bf7bc1a62163507,
    type: 2}
  m_PrefabInternal: {fileID: 352777189}
  m_Script: {fileID: 708705254, guid: f5f67c52d1564df4a8936ccd202a3bd8, type: 3}
--- !u!4 &340444113 stripped
Transform:
  m_PrefabParentObject: {fileID: 447298, guid: 837a3190ba03acf4fbe7ce5ecc2e95be, type: 2}
  m_PrefabInternal: {fileID: 1221197210}
--- !u!1001 &352777189
Prefab:
  m_ObjectHideFlags: 0
  serializedVersion: 2
  m_Modification:
    m_TransformParent: {fileID: 0}
    m_Modifications:
    - target: {fileID: 22460806, guid: d2a32c04033306040bf7bc1a62163507, type: 2}
      propertyPath: m_LocalPosition.x
      value: 0
      objectReference: {fileID: 0}
    - target: {fileID: 22460806, guid: d2a32c04033306040bf7bc1a62163507, type: 2}
      propertyPath: m_LocalPosition.y
      value: 0
      objectReference: {fileID: 0}
    - target: {fileID: 22460806, guid: d2a32c04033306040bf7bc1a62163507, type: 2}
      propertyPath: m_LocalPosition.z
      value: 0
      objectReference: {fileID: 0}
    - target: {fileID: 22460806, guid: d2a32c04033306040bf7bc1a62163507, type: 2}
      propertyPath: m_LocalRotation.x
      value: 0
      objectReference: {fileID: 0}
    - target: {fileID: 22460806, guid: d2a32c04033306040bf7bc1a62163507, type: 2}
      propertyPath: m_LocalRotation.y
      value: 0
      objectReference: {fileID: 0}
    - target: {fileID: 22460806, guid: d2a32c04033306040bf7bc1a62163507, type: 2}
      propertyPath: m_LocalRotation.z
      value: 0
      objectReference: {fileID: 0}
    - target: {fileID: 22460806, guid: d2a32c04033306040bf7bc1a62163507, type: 2}
      propertyPath: m_LocalRotation.w
      value: 1
      objectReference: {fileID: 0}
    - target: {fileID: 22460806, guid: d2a32c04033306040bf7bc1a62163507, type: 2}
      propertyPath: m_RootOrder
      value: 2
      objectReference: {fileID: 0}
    - target: {fileID: 22460806, guid: d2a32c04033306040bf7bc1a62163507, type: 2}
      propertyPath: m_AnchoredPosition.x
      value: 0
      objectReference: {fileID: 0}
    - target: {fileID: 22460806, guid: d2a32c04033306040bf7bc1a62163507, type: 2}
      propertyPath: m_AnchoredPosition.y
      value: 0
      objectReference: {fileID: 0}
    - target: {fileID: 22460806, guid: d2a32c04033306040bf7bc1a62163507, type: 2}
      propertyPath: m_SizeDelta.x
      value: 0
      objectReference: {fileID: 0}
    - target: {fileID: 22460806, guid: d2a32c04033306040bf7bc1a62163507, type: 2}
      propertyPath: m_SizeDelta.y
      value: 0
      objectReference: {fileID: 0}
    - target: {fileID: 22460806, guid: d2a32c04033306040bf7bc1a62163507, type: 2}
      propertyPath: m_AnchorMin.x
      value: 0
      objectReference: {fileID: 0}
    - target: {fileID: 22460806, guid: d2a32c04033306040bf7bc1a62163507, type: 2}
      propertyPath: m_AnchorMin.y
      value: 0
      objectReference: {fileID: 0}
    - target: {fileID: 22460806, guid: d2a32c04033306040bf7bc1a62163507, type: 2}
      propertyPath: m_AnchorMax.x
      value: 0
      objectReference: {fileID: 0}
    - target: {fileID: 22460806, guid: d2a32c04033306040bf7bc1a62163507, type: 2}
      propertyPath: m_AnchorMax.y
      value: 0
      objectReference: {fileID: 0}
    - target: {fileID: 22460806, guid: d2a32c04033306040bf7bc1a62163507, type: 2}
      propertyPath: m_Pivot.x
      value: 0
      objectReference: {fileID: 0}
    - target: {fileID: 22460806, guid: d2a32c04033306040bf7bc1a62163507, type: 2}
      propertyPath: m_Pivot.y
      value: 0
      objectReference: {fileID: 0}
    - target: {fileID: 11477638, guid: d2a32c04033306040bf7bc1a62163507, type: 2}
      propertyPath: Satelite
      value: 
      objectReference: {fileID: 170674, guid: 01107b314a1e4c0429463a89c2c617af, type: 2}
    - target: {fileID: 11408094, guid: d2a32c04033306040bf7bc1a62163507, type: 2}
      propertyPath: m_OnClick.m_PersistentCalls.m_Calls.Array.data[0].m_Target
      value: 
      objectReference: {fileID: 1503007408}
    - target: {fileID: 11485084, guid: d2a32c04033306040bf7bc1a62163507, type: 2}
      propertyPath: m_OnClick.m_PersistentCalls.m_Calls.Array.data[0].m_Target
      value: 
      objectReference: {fileID: 1503007407}
    - target: {fileID: 11477638, guid: d2a32c04033306040bf7bc1a62163507, type: 2}
      propertyPath: m_Enabled
      value: 1
      objectReference: {fileID: 0}
    - target: {fileID: 137352, guid: d2a32c04033306040bf7bc1a62163507, type: 2}
      propertyPath: m_IsActive
      value: 1
      objectReference: {fileID: 0}
    m_RemovedComponents: []
  m_ParentPrefab: {fileID: 100100000, guid: d2a32c04033306040bf7bc1a62163507, type: 2}
  m_IsPrefabParent: 0
--- !u!114 &352777190 stripped
MonoBehaviour:
  m_PrefabParentObject: {fileID: 11433226, guid: d2a32c04033306040bf7bc1a62163507,
    type: 2}
  m_PrefabInternal: {fileID: 352777189}
  m_Script: {fileID: 708705254, guid: f5f67c52d1564df4a8936ccd202a3bd8, type: 3}
--- !u!1 &371954379
GameObject:
  m_ObjectHideFlags: 0
  m_PrefabParentObject: {fileID: 0}
  m_PrefabInternal: {fileID: 0}
  serializedVersion: 4
  m_Component:
  - 4: {fileID: 371954380}
  - 82: {fileID: 371954381}
  m_Layer: 0
  m_Name: Sounds2_Blin
  m_TagString: Untagged
  m_Icon: {fileID: 0}
  m_NavMeshLayer: 0
  m_StaticEditorFlags: 0
  m_IsActive: 1
--- !u!4 &371954380
Transform:
  m_ObjectHideFlags: 0
  m_PrefabParentObject: {fileID: 0}
  m_PrefabInternal: {fileID: 0}
  m_GameObject: {fileID: 371954379}
  m_LocalRotation: {x: 0, y: 0, z: 0, w: 1}
  m_LocalPosition: {x: 0, y: 0, z: 0}
  m_LocalScale: {x: 1, y: 1, z: 1}
  m_LocalEulerAnglesHint: {x: 0, y: 0, z: 0}
  m_Children: []
  m_Father: {fileID: 1542409500}
  m_RootOrder: 3
--- !u!82 &371954381
AudioSource:
  m_ObjectHideFlags: 0
  m_PrefabParentObject: {fileID: 0}
  m_PrefabInternal: {fileID: 0}
  m_GameObject: {fileID: 371954379}
  m_Enabled: 1
  serializedVersion: 4
  OutputAudioMixerGroup: {fileID: 0}
  m_audioClip: {fileID: 0}
  m_PlayOnAwake: 1
  m_Volume: 0.6
  m_Pitch: 1
  Loop: 0
  Mute: 0
  Spatialize: 0
  Priority: 140
  DopplerLevel: 1
  MinDistance: 1
  MaxDistance: 500
  Pan2D: 0
  rolloffMode: 0
  BypassEffects: 0
  BypassListenerEffects: 0
  BypassReverbZones: 0
  rolloffCustomCurve:
    serializedVersion: 2
    m_Curve:
    - time: 0
      value: 1
      inSlope: 0
      outSlope: 0
      tangentMode: 0
    - time: 1
      value: 0
      inSlope: 0
      outSlope: 0
      tangentMode: 0
    m_PreInfinity: 2
    m_PostInfinity: 2
    m_RotationOrder: 4
  panLevelCustomCurve:
    serializedVersion: 2
    m_Curve:
    - time: 0
      value: 0
      inSlope: 0
      outSlope: 0
      tangentMode: 0
    m_PreInfinity: 2
    m_PostInfinity: 2
    m_RotationOrder: 0
  spreadCustomCurve:
    serializedVersion: 2
    m_Curve:
    - time: 0
      value: 0
      inSlope: 0
      outSlope: 0
      tangentMode: 0
    m_PreInfinity: 2
    m_PostInfinity: 2
    m_RotationOrder: 4
  reverbZoneMixCustomCurve:
    serializedVersion: 2
    m_Curve:
    - time: 0
      value: 1
      inSlope: 0
      outSlope: 0
      tangentMode: 0
    m_PreInfinity: 2
    m_PostInfinity: 2
    m_RotationOrder: 0
--- !u!1 &497663495
GameObject:
  m_ObjectHideFlags: 0
  m_PrefabParentObject: {fileID: 0}
  m_PrefabInternal: {fileID: 0}
  serializedVersion: 4
  m_Component:
  - 4: {fileID: 497663499}
  - 114: {fileID: 497663498}
  - 114: {fileID: 497663497}
  - 114: {fileID: 497663496}
  - 114: {fileID: 497663500}
  - 114: {fileID: 497663501}
  m_Layer: 0
  m_Name: EventSystem
  m_TagString: Untagged
  m_Icon: {fileID: 0}
  m_NavMeshLayer: 0
  m_StaticEditorFlags: 0
  m_IsActive: 1
--- !u!114 &497663496
MonoBehaviour:
  m_ObjectHideFlags: 0
  m_PrefabParentObject: {fileID: 0}
  m_PrefabInternal: {fileID: 0}
  m_GameObject: {fileID: 497663495}
  m_Enabled: 1
  m_EditorHideFlags: 0
  m_Script: {fileID: 1997211142, guid: f5f67c52d1564df4a8936ccd202a3bd8, type: 3}
  m_Name: 
  m_EditorClassIdentifier: 
  m_ForceModuleActive: 0
--- !u!114 &497663497
MonoBehaviour:
  m_ObjectHideFlags: 0
  m_PrefabParentObject: {fileID: 0}
  m_PrefabInternal: {fileID: 0}
  m_GameObject: {fileID: 497663495}
  m_Enabled: 1
  m_EditorHideFlags: 0
  m_Script: {fileID: 1077351063, guid: f5f67c52d1564df4a8936ccd202a3bd8, type: 3}
  m_Name: 
  m_EditorClassIdentifier: 
  m_HorizontalAxis: Horizontal
  m_VerticalAxis: Vertical
  m_SubmitButton: Submit
  m_CancelButton: Cancel
  m_InputActionsPerSecond: 10
  m_RepeatDelay: 0.5
  m_ForceModuleActive: 0
--- !u!114 &497663498
MonoBehaviour:
  m_ObjectHideFlags: 0
  m_PrefabParentObject: {fileID: 0}
  m_PrefabInternal: {fileID: 0}
  m_GameObject: {fileID: 497663495}
  m_Enabled: 1
  m_EditorHideFlags: 0
  m_Script: {fileID: -619905303, guid: f5f67c52d1564df4a8936ccd202a3bd8, type: 3}
  m_Name: 
  m_EditorClassIdentifier: 
  m_FirstSelected: {fileID: 0}
  m_sendNavigationEvents: 1
  m_DragThreshold: 5
--- !u!4 &497663499
Transform:
  m_ObjectHideFlags: 0
  m_PrefabParentObject: {fileID: 0}
  m_PrefabInternal: {fileID: 0}
  m_GameObject: {fileID: 497663495}
  m_LocalRotation: {x: 0, y: 0, z: 0, w: 1}
  m_LocalPosition: {x: 0, y: 0, z: 0}
  m_LocalScale: {x: 1, y: 1, z: 1}
  m_LocalEulerAnglesHint: {x: 0, y: 0, z: 0}
  m_Children: []
  m_Father: {fileID: 0}
  m_RootOrder: 1
--- !u!114 &497663500
MonoBehaviour:
  m_ObjectHideFlags: 0
  m_PrefabParentObject: {fileID: 0}
  m_PrefabInternal: {fileID: 0}
  m_GameObject: {fileID: 497663495}
  m_Enabled: 0
  m_EditorHideFlags: 0
  m_Script: {fileID: 11500000, guid: a039263f0bc401d43b0040e146163a35, type: 3}
  m_Name: 
  m_EditorClassIdentifier: 
  PHC: {fileID: 0}
  PMA: {fileID: 0}
  PM: {fileID: 0}
--- !u!114 &497663501
MonoBehaviour:
  m_ObjectHideFlags: 0
  m_PrefabParentObject: {fileID: 0}
  m_PrefabInternal: {fileID: 0}
  m_GameObject: {fileID: 497663495}
  m_Enabled: 1
  m_EditorHideFlags: 0
  m_Script: {fileID: 11500000, guid: a0c55c0d06f542d4db69b3b27d770206, type: 3}
  m_Name: 
  m_EditorClassIdentifier: 
--- !u!1 &516038379
GameObject:
  m_ObjectHideFlags: 0
  m_PrefabParentObject: {fileID: 0}
  m_PrefabInternal: {fileID: 0}
  serializedVersion: 4
  m_Component:
  - 4: {fileID: 516038381}
  - 114: {fileID: 516038380}
  m_Layer: 0
  m_Name: Instanciador
  m_TagString: Instanciador
  m_Icon: {fileID: 0}
  m_NavMeshLayer: 0
  m_StaticEditorFlags: 0
  m_IsActive: 1
--- !u!114 &516038380
MonoBehaviour:
  m_ObjectHideFlags: 0
  m_PrefabParentObject: {fileID: 0}
  m_PrefabInternal: {fileID: 0}
  m_GameObject: {fileID: 516038379}
  m_Enabled: 1
  m_EditorHideFlags: 0
  m_Script: {fileID: 11500000, guid: 2df77266be13bfa4bb83de84dfde3ee3, type: 3}
  m_Name: 
  m_EditorClassIdentifier: 
  DEBUG: 0
  Objects:
  - {fileID: 101552, guid: 793f8be48376c9f40a8fcb98bdd36b58, type: 2}
  - {fileID: 160444, guid: 2f47146ff019fe949ab898d3d379d8f0, type: 2}
  - {fileID: 116078, guid: 5904a2348de73ab4fa7c14e5155b86ff, type: 2}
  - {fileID: 133066, guid: f1d84ed954e4cc2418f146eba7cfab15, type: 2}
  - {fileID: 152776, guid: 5c5705b8ec98ee347bcedefebb104e21, type: 2}
  - {fileID: 178724, guid: 6e6a225f90b4c8748937459559ff8c53, type: 2}
  - {fileID: 155390, guid: 398bb8fc018e8f6459649cc7c3043a38, type: 2}
  - {fileID: 132282, guid: b1e7b6c320d3f514aa80c1e9821854c1, type: 2}
  - {fileID: 164390, guid: a31c6161f4bd53c4080e793424664e38, type: 2}
  - {fileID: 161968, guid: be583c8547117214f8bb4911b55bea06, type: 2}
  - {fileID: 162142, guid: d1a5ce1f4ec2ae14c90fb51c18d76079, type: 2}
  - {fileID: 175948, guid: 11c29978d05d29b46a3a6f2c795738f6, type: 2}
  - {fileID: 115784, guid: f9d3f08ae1c16ec40b31681bac681a9d, type: 2}
  - {fileID: 142672, guid: e963e6d499f876c42a2eea11a5f9c15b, type: 2}
  - {fileID: 182736, guid: 7de687e4038bf564190f4a1767ba8e99, type: 2}
  - {fileID: 0}
  - {fileID: 173152, guid: b24aeeb6b72ebef4eb1e2f60b28813b8, type: 2}
  - {fileID: 156000, guid: b03c1ea223b07ef46a98c869421c101c, type: 2}
  - {fileID: 166740, guid: 30afb9aa74a037741bb0b0df3eb5a384, type: 2}
  - {fileID: 168796, guid: 8f07207de29ebc544910159f4c80aa68, type: 2}
  - {fileID: 141380, guid: a1e5d0b1ecddb6d4cb1cc7df33772f52, type: 2}
  - {fileID: 141974, guid: 9bb912934b8db2646bc9772cd8890da0, type: 2}
  - {fileID: 160696, guid: 6c24e191bae932042a4ab3c687f9b649, type: 2}
  - {fileID: 199840, guid: d3bde02a93bfe6443be675601c6f2bfa, type: 2}
  - {fileID: 128910, guid: 3d1748c394152824ca6e15678af45c8d, type: 2}
  - {fileID: 172592, guid: f9b2a5f7fa68aac4e802f4076320c64d, type: 2}
  - {fileID: 110014, guid: 57c8d33acf1c50140bd2a6d5ef3649b8, type: 2}
  - {fileID: 0}
  - {fileID: 189408, guid: 08cd9dc7e35c5164fbb4c7cc89b990c3, type: 2}
  - {fileID: 195570, guid: 2681c6014805ee249ad3613adf8b84fb, type: 2}
  - {fileID: 115250, guid: 41fe33a2dcff5d4479b95668152c40dc, type: 2}
  - {fileID: 112880, guid: 3982a3118f0598a4cb3c34cabb799780, type: 2}
  - {fileID: 130872, guid: ac05643fcdd87a048a45f756c885a3f0, type: 2}
  - {fileID: 157242, guid: dd16b70e299c72f4dbfaa7bdeecc29bf, type: 2}
  - {fileID: 121384, guid: 31f5237ca8f46a044a239d26ce6cc8a6, type: 2}
  - {fileID: 105734, guid: 486ef668d38ada54da742cde2c9eeb9d, type: 2}
  - {fileID: 145834, guid: a3e8341f760ed6d4499e9bf2762c5c74, type: 2}
  - {fileID: 149014, guid: dd79159c7c675b64b92d16fb0b66e0d3, type: 2}
  - {fileID: 170544, guid: 5d7e0547de8fc7e4f841e4f95568e93e, type: 2}
  - {fileID: 188320, guid: 2886f31a6858e1847a5c39c313650059, type: 2}
  - {fileID: 108832, guid: 9caafdf5c49719f4ca641ea5fb559c5e, type: 2}
  - {fileID: 184366, guid: 4dc6dac0bda4a9b428ad00df016e076f, type: 2}
  - {fileID: 199124, guid: 0ff0555b3f18bc64cbe915ec09c13ff9, type: 2}
  - {fileID: 125362, guid: 955634fd924994249baef205573f6c2f, type: 2}
  PreinstantiatedObjects: []
  Items:
  - {fileID: 112880, guid: 3982a3118f0598a4cb3c34cabb799780, type: 2}
  - {fileID: 105734, guid: 486ef668d38ada54da742cde2c9eeb9d, type: 2}
  - {fileID: 141974, guid: 9bb912934b8db2646bc9772cd8890da0, type: 2}
  - {fileID: 157242, guid: dd16b70e299c72f4dbfaa7bdeecc29bf, type: 2}
  - {fileID: 160696, guid: 6c24e191bae932042a4ab3c687f9b649, type: 2}
  - {fileID: 199840, guid: d3bde02a93bfe6443be675601c6f2bfa, type: 2}
  - {fileID: 130872, guid: ac05643fcdd87a048a45f756c885a3f0, type: 2}
  - {fileID: 115850, guid: ce52c5a7130c3884381b45a958e161a2, type: 2}
  - {fileID: 121384, guid: 31f5237ca8f46a044a239d26ce6cc8a6, type: 2}
  - {fileID: 115250, guid: 41fe33a2dcff5d4479b95668152c40dc, type: 2}
  - {fileID: 141208, guid: cc4d0f1d5d1e38d4eb356e81ec722095, type: 2}
  - {fileID: 160562, guid: ddece193f906559468dda0bcb35efe65, type: 2}
  - {fileID: 162430, guid: 026d1079d8737a1439134ac586b67198, type: 2}
  Enemies:
  - {fileID: 116078, guid: 5904a2348de73ab4fa7c14e5155b86ff, type: 2}
  - {fileID: 160444, guid: 2f47146ff019fe949ab898d3d379d8f0, type: 2}
  - {fileID: 101552, guid: 793f8be48376c9f40a8fcb98bdd36b58, type: 2}
  - {fileID: 113990, guid: 6c3f7ff92e8507a4aaf254e8329ecd77, type: 2}
  - {fileID: 152776, guid: 5c5705b8ec98ee347bcedefebb104e21, type: 2}
  - {fileID: 133066, guid: f1d84ed954e4cc2418f146eba7cfab15, type: 2}
  - {fileID: 164390, guid: a31c6161f4bd53c4080e793424664e38, type: 2}
  - {fileID: 161968, guid: be583c8547117214f8bb4911b55bea06, type: 2}
  - {fileID: 155390, guid: 398bb8fc018e8f6459649cc7c3043a38, type: 2}
  - {fileID: 132282, guid: b1e7b6c320d3f514aa80c1e9821854c1, type: 2}
  - {fileID: 162142, guid: d1a5ce1f4ec2ae14c90fb51c18d76079, type: 2}
  - {fileID: 142672, guid: e963e6d499f876c42a2eea11a5f9c15b, type: 2}
  - {fileID: 175948, guid: 11c29978d05d29b46a3a6f2c795738f6, type: 2}
  - {fileID: 115784, guid: f9d3f08ae1c16ec40b31681bac681a9d, type: 2}
  - {fileID: 156000, guid: b03c1ea223b07ef46a98c869421c101c, type: 2}
  - {fileID: 137210, guid: 4970005578294fb439d5de87e20c7eaf, type: 2}
  - {fileID: 170674, guid: 01107b314a1e4c0429463a89c2c617af, type: 2}
  Bullets:
  - {fileID: 189492, guid: 3042dcc94097ee049a3387f100f65c0d, type: 2}
  - {fileID: 185996, guid: ccb27944c7a1fda408f886c2dd20e68f, type: 2}
  - {fileID: 172592, guid: f9b2a5f7fa68aac4e802f4076320c64d, type: 2}
  - {fileID: 173152, guid: b24aeeb6b72ebef4eb1e2f60b28813b8, type: 2}
  - {fileID: 182484, guid: 9b47082a6366af34c90f1f4567d12158, type: 2}
  - {fileID: 105614, guid: 9191b0d8c1942004fac33f9dac233ef5, type: 2}
  - {fileID: 108966, guid: ec067c0eebb695d48a628ad959b221ef, type: 2}
  - {fileID: 110014, guid: 57c8d33acf1c50140bd2a6d5ef3649b8, type: 2}
  - {fileID: 182736, guid: 7de687e4038bf564190f4a1767ba8e99, type: 2}
  - {fileID: 181154, guid: cd20072e968520e438ecf420d47cb786, type: 2}
  - {fileID: 166274, guid: 32e207c1ed8f97d4d8f8608b847bd350, type: 2}
  - {fileID: 169906, guid: e799a54e477257f499b7de0d9e4306bf, type: 2}
  - {fileID: 146294, guid: c6c2b72f998ef5f42bbba6234e83721e, type: 2}
  - {fileID: 195570, guid: 2681c6014805ee249ad3613adf8b84fb, type: 2}
  Particles:
  - {fileID: 141280, guid: a5d8d74cb41bd734e99443b541f2c143, type: 2}
  - {fileID: 141380, guid: a1e5d0b1ecddb6d4cb1cc7df33772f52, type: 2}
  - {fileID: 178724, guid: 6e6a225f90b4c8748937459559ff8c53, type: 2}
  - {fileID: 189282, guid: 0238e6ef13c8c5a4da8624000e88def1, type: 2}
  - {fileID: 176236, guid: d4e88eac5a51e544481c25a4d3820731, type: 2}
  - {fileID: 168796, guid: 8f07207de29ebc544910159f4c80aa68, type: 2}
  - {fileID: 145834, guid: a3e8341f760ed6d4499e9bf2762c5c74, type: 2}
  - {fileID: 166740, guid: 30afb9aa74a037741bb0b0df3eb5a384, type: 2}
  - {fileID: 149014, guid: dd79159c7c675b64b92d16fb0b66e0d3, type: 2}
  - {fileID: 121268, guid: fc3bbbf8c4307f942b80a2ef37b4db8e, type: 2}
  Others:
  - {fileID: 122370, guid: 24cbe16baed446c4a81ad9729095c051, type: 2}
  - {fileID: 181728, guid: 83269bec2fab5dc49975e250f0ffb68a, type: 2}
  - {fileID: 183500, guid: 3a3020e9525c7694c9c44158aea41e45, type: 2}
  - {fileID: 103378, guid: 680240fe71611214fb2830360310edd4, type: 2}
  - {fileID: 188320, guid: 2886f31a6858e1847a5c39c313650059, type: 2}
  - {fileID: 108832, guid: 9caafdf5c49719f4ca641ea5fb559c5e, type: 2}
  - {fileID: 184366, guid: 4dc6dac0bda4a9b428ad00df016e076f, type: 2}
  - {fileID: 199124, guid: 0ff0555b3f18bc64cbe915ec09c13ff9, type: 2}
  - {fileID: 125362, guid: 955634fd924994249baef205573f6c2f, type: 2}
--- !u!4 &516038381
Transform:
  m_ObjectHideFlags: 0
  m_PrefabParentObject: {fileID: 0}
  m_PrefabInternal: {fileID: 0}
  m_GameObject: {fileID: 516038379}
  m_LocalRotation: {x: 0, y: 0, z: 0, w: 1}
  m_LocalPosition: {x: 5.623072, y: -13.91668, z: 0}
  m_LocalScale: {x: 1, y: 1, z: 1}
  m_LocalEulerAnglesHint: {x: 0, y: 0, z: 0}
  m_Children: []
  m_Father: {fileID: 0}
  m_RootOrder: 8
--- !u!4 &559073135
Transform:
  m_ObjectHideFlags: 0
  m_PrefabParentObject: {fileID: 443280, guid: 5965bf4ac18ffcb4aa24b8639200d6be, type: 2}
  m_PrefabInternal: {fileID: 0}
  m_GameObject: {fileID: 2071250102}
  m_LocalRotation: {x: 0, y: 0, z: 0, w: 1}
  m_LocalPosition: {x: -5.310285, y: 0.18103024, z: 0.53125}
  m_LocalScale: {x: 1, y: 1, z: 1}
  m_LocalEulerAnglesHint: {x: 0, y: 0, z: 0}
  m_Children: []
  m_Father: {fileID: 1542409500}
  m_RootOrder: 0
--- !u!1 &594219111
GameObject:
  m_ObjectHideFlags: 0
  m_PrefabParentObject: {fileID: 0}
  m_PrefabInternal: {fileID: 0}
  serializedVersion: 4
  m_Component:
  - 4: {fileID: 594219112}
  - 61: {fileID: 594219114}
  - 114: {fileID: 594219113}
  m_Layer: 0
  m_Name: BossCollider
  m_TagString: Untagged
  m_Icon: {fileID: 0}
  m_NavMeshLayer: 0
  m_StaticEditorFlags: 0
  m_IsActive: 0
--- !u!4 &594219112
Transform:
  m_ObjectHideFlags: 0
  m_PrefabParentObject: {fileID: 0}
  m_PrefabInternal: {fileID: 0}
  m_GameObject: {fileID: 594219111}
  m_LocalRotation: {x: 0, y: 0, z: 0, w: 1}
  m_LocalPosition: {x: 4.94, y: -0.17, z: 0}
  m_LocalScale: {x: 5.8534317, y: 6.930143, z: 2.2780137}
  m_LocalEulerAnglesHint: {x: 0, y: 0, z: 0}
  m_Children: []
  m_Father: {fileID: 1542409500}
  m_RootOrder: 4
--- !u!114 &594219113
MonoBehaviour:
  m_ObjectHideFlags: 0
  m_PrefabParentObject: {fileID: 0}
  m_PrefabInternal: {fileID: 0}
  m_GameObject: {fileID: 594219111}
  m_Enabled: 1
  m_EditorHideFlags: 0
  m_Script: {fileID: 11500000, guid: d1b3ea3f02d81774faae1f59f089ef58, type: 3}
  m_Name: 
  m_EditorClassIdentifier: 
--- !u!61 &594219114
BoxCollider2D:
  m_ObjectHideFlags: 0
  m_PrefabParentObject: {fileID: 0}
  m_PrefabInternal: {fileID: 0}
  m_GameObject: {fileID: 594219111}
  m_Enabled: 1
  m_Density: 1
  m_Material: {fileID: 0}
  m_IsTrigger: 1
  m_UsedByEffector: 0
  m_Offset: {x: 0, y: 0.053742997}
  serializedVersion: 2
  m_Size: {x: 1, y: 0.8925136}
--- !u!1 &735135161 stripped
GameObject:
  m_PrefabParentObject: {fileID: 166498, guid: 3bfd8192f34391c479b06aab2aaaaac9, type: 2}
  m_PrefabInternal: {fileID: 1510477704}
--- !u!1 &742591405
GameObject:
  m_ObjectHideFlags: 0
  m_PrefabParentObject: {fileID: 0}
  m_PrefabInternal: {fileID: 0}
  serializedVersion: 4
  m_Component:
  - 4: {fileID: 742591406}
  - 114: {fileID: 742591407}
  m_Layer: 0
  m_Name: Suavissimo
  m_TagString: Untagged
  m_Icon: {fileID: 0}
  m_NavMeshLayer: 0
  m_StaticEditorFlags: 0
  m_IsActive: 1
--- !u!4 &742591406
Transform:
  m_ObjectHideFlags: 0
  m_PrefabParentObject: {fileID: 0}
  m_PrefabInternal: {fileID: 0}
  m_GameObject: {fileID: 742591405}
  m_LocalRotation: {x: 0, y: 0, z: 0, w: 1}
  m_LocalPosition: {x: 0, y: 0, z: 0}
  m_LocalScale: {x: 1, y: 1, z: 1}
  m_LocalEulerAnglesHint: {x: 0, y: 0, z: 0}
  m_Children: []
  m_Father: {fileID: 1366565714}
  m_RootOrder: 1
--- !u!114 &742591407
MonoBehaviour:
  m_ObjectHideFlags: 0
  m_PrefabParentObject: {fileID: 0}
  m_PrefabInternal: {fileID: 0}
  m_GameObject: {fileID: 742591405}
  m_Enabled: 1
  m_EditorHideFlags: 0
  m_Script: {fileID: 11500000, guid: 96b7ed44a0a72a646a05bbe63e2e7cd1, type: 3}
  m_Name: 
  m_EditorClassIdentifier: 
  Framechange: 5
  ComRainHeight: 10
  ComMinGravity: 0
  ComMaxGravity: 0
  ComXStarRain: 5
  ComSpeed: 5
  ComYSpeed: 5
  ComProbperframe: 0
  METRainHeight: 4.5
  METMinGravity: 0
  METMaxGravity: 0
  METSpeed: 4
  METYSpeed: 0
  METProbperframe: 0.01
  Deployed: 0
--- !u!1001 &769828413
Prefab:
  m_ObjectHideFlags: 0
  serializedVersion: 2
  m_Modification:
    m_TransformParent: {fileID: 0}
    m_Modifications:
    - target: {fileID: 434600, guid: 98a2440fe7661f045b2f31ba5a3b51ab, type: 2}
      propertyPath: m_LocalPosition.x
      value: 0
      objectReference: {fileID: 0}
    - target: {fileID: 434600, guid: 98a2440fe7661f045b2f31ba5a3b51ab, type: 2}
      propertyPath: m_LocalPosition.y
      value: 0
      objectReference: {fileID: 0}
    - target: {fileID: 434600, guid: 98a2440fe7661f045b2f31ba5a3b51ab, type: 2}
      propertyPath: m_LocalPosition.z
      value: 0
      objectReference: {fileID: 0}
    - target: {fileID: 434600, guid: 98a2440fe7661f045b2f31ba5a3b51ab, type: 2}
      propertyPath: m_LocalRotation.x
      value: 0
      objectReference: {fileID: 0}
    - target: {fileID: 434600, guid: 98a2440fe7661f045b2f31ba5a3b51ab, type: 2}
      propertyPath: m_LocalRotation.y
      value: 0
      objectReference: {fileID: 0}
    - target: {fileID: 434600, guid: 98a2440fe7661f045b2f31ba5a3b51ab, type: 2}
      propertyPath: m_LocalRotation.z
      value: 0
      objectReference: {fileID: 0}
    - target: {fileID: 434600, guid: 98a2440fe7661f045b2f31ba5a3b51ab, type: 2}
      propertyPath: m_LocalRotation.w
      value: 1
      objectReference: {fileID: 0}
    - target: {fileID: 434600, guid: 98a2440fe7661f045b2f31ba5a3b51ab, type: 2}
      propertyPath: m_RootOrder
      value: 11
      objectReference: {fileID: 0}
    m_RemovedComponents: []
  m_ParentPrefab: {fileID: 100100000, guid: 98a2440fe7661f045b2f31ba5a3b51ab, type: 2}
  m_IsPrefabParent: 0
--- !u!1 &787728973
GameObject:
  m_ObjectHideFlags: 0
  m_PrefabParentObject: {fileID: 0}
  m_PrefabInternal: {fileID: 0}
  serializedVersion: 4
  m_Component:
  - 4: {fileID: 787728974}
  - 114: {fileID: 787728975}
  m_Layer: 0
  m_Name: Start
  m_TagString: Untagged
  m_Icon: {fileID: 0}
  m_NavMeshLayer: 0
  m_StaticEditorFlags: 0
  m_IsActive: 1
--- !u!4 &787728974
Transform:
  m_ObjectHideFlags: 0
  m_PrefabParentObject: {fileID: 0}
  m_PrefabInternal: {fileID: 0}
  m_GameObject: {fileID: 787728973}
  m_LocalRotation: {x: 0, y: 0, z: 0, w: 1}
  m_LocalPosition: {x: 0, y: 0, z: 0}
  m_LocalScale: {x: 1, y: 1, z: 1}
  m_LocalEulerAnglesHint: {x: 0, y: 0, z: 0}
  m_Children: []
  m_Father: {fileID: 1366565714}
  m_RootOrder: 0
--- !u!114 &787728975
MonoBehaviour:
  m_ObjectHideFlags: 0
  m_PrefabParentObject: {fileID: 0}
  m_PrefabInternal: {fileID: 0}
  m_GameObject: {fileID: 787728973}
  m_Enabled: 1
  m_EditorHideFlags: 0
  m_Script: {fileID: 11500000, guid: 96b7ed44a0a72a646a05bbe63e2e7cd1, type: 3}
  m_Name: 
  m_EditorClassIdentifier: 
  Framechange: 0
  ComRainHeight: 10
  ComMinGravity: 0
  ComMaxGravity: 0
  ComXStarRain: 5
  ComSpeed: 5
  ComYSpeed: 5
  ComProbperframe: 0
  METRainHeight: 4.5
  METMinGravity: 0
  METMaxGravity: 0
  METSpeed: 4
  METYSpeed: 0
  METProbperframe: 0
  Deployed: 0
--- !u!1 &792307294
GameObject:
  m_ObjectHideFlags: 0
  m_PrefabParentObject: {fileID: 0}
  m_PrefabInternal: {fileID: 0}
  serializedVersion: 4
  m_Component:
  - 4: {fileID: 792307295}
  - 212: {fileID: 792307296}
  m_Layer: 0
  m_Name: CapaArriba
  m_TagString: Untagged
  m_Icon: {fileID: 0}
  m_NavMeshLayer: 0
  m_StaticEditorFlags: 0
  m_IsActive: 1
--- !u!4 &792307295
Transform:
  m_ObjectHideFlags: 0
  m_PrefabParentObject: {fileID: 0}
  m_PrefabInternal: {fileID: 0}
  m_GameObject: {fileID: 792307294}
  m_LocalRotation: {x: 0, y: 0, z: 0, w: 1}
  m_LocalPosition: {x: 0, y: 0, z: 0}
  m_LocalScale: {x: 1, y: 1, z: 1}
  m_LocalEulerAnglesHint: {x: 0, y: 0, z: 0}
  m_Children: []
  m_Father: {fileID: 23085909}
  m_RootOrder: 0
--- !u!212 &792307296
SpriteRenderer:
  m_ObjectHideFlags: 0
  m_PrefabParentObject: {fileID: 0}
  m_PrefabInternal: {fileID: 0}
  m_GameObject: {fileID: 792307294}
  m_Enabled: 1
  m_CastShadows: 0
  m_ReceiveShadows: 0
  m_Materials:
  - {fileID: 10754, guid: 0000000000000000e000000000000000, type: 0}
  m_SubsetIndices: 
  m_StaticBatchRoot: {fileID: 0}
  m_UseLightProbes: 0
  m_ReflectionProbeUsage: 0
  m_ProbeAnchor: {fileID: 0}
  m_ScaleInLightmap: 1
  m_PreserveUVs: 0
  m_IgnoreNormalsForChartDetection: 0
  m_ImportantGI: 0
  m_MinimumChartSize: 4
  m_AutoUVMaxDistance: 0.5
  m_AutoUVMaxAngle: 89
  m_LightmapParameters: {fileID: 0}
  m_SortingLayerID: -948033391
  m_SortingOrder: 0
  m_Sprite: {fileID: 21300000, guid: 5915bf00e01d836409b8146c26a2dd55, type: 3}
  m_Color: {r: 1, g: 1, b: 1, a: 1}
  m_FlipX: 0
  m_FlipY: 0
--- !u!1 &812933045
GameObject:
  m_ObjectHideFlags: 0
  m_PrefabParentObject: {fileID: 0}
  m_PrefabInternal: {fileID: 0}
  serializedVersion: 4
  m_Component:
  - 4: {fileID: 812933046}
  - 114: {fileID: 812933047}
  m_Layer: 0
  m_Name: NEPTO
  m_TagString: Untagged
  m_Icon: {fileID: 0}
  m_NavMeshLayer: 0
  m_StaticEditorFlags: 0
  m_IsActive: 1
--- !u!4 &812933046
Transform:
  m_ObjectHideFlags: 0
  m_PrefabParentObject: {fileID: 0}
  m_PrefabInternal: {fileID: 0}
  m_GameObject: {fileID: 812933045}
  m_LocalRotation: {x: 0, y: 0, z: 0, w: 1}
  m_LocalPosition: {x: 0, y: 0, z: 0}
  m_LocalScale: {x: 1, y: 1, z: 1}
  m_LocalEulerAnglesHint: {x: 0, y: 0, z: 0}
  m_Children: []
  m_Father: {fileID: 1775528819}
  m_RootOrder: 2
--- !u!114 &812933047
MonoBehaviour:
  m_ObjectHideFlags: 0
  m_PrefabParentObject: {fileID: 0}
  m_PrefabInternal: {fileID: 0}
  m_GameObject: {fileID: 812933045}
  m_Enabled: 1
  m_EditorHideFlags: 0
  m_Script: {fileID: 11500000, guid: 98c51cd0f75f47747a82e37c6499c8d2, type: 3}
  m_Name: 
  m_EditorClassIdentifier: 
  Framechange: 90
  probBeSmart: 0
  NeptoHealth: 100
  BultoxHealth: 250
  BigBultoxHealth: 2100
  PileHealth: 1000
  AstorfixHealth: 150
  probBeMotorized: 0
  ProbBultoxAppear: 0
  MotorVelocity: 0
  ProbAxtorfisAppear: 0
  ProbNeptoAppear: 0.028
  ProbPileAppear: 0
  RSpeedXDOWN: 6
  RSpeedXTOP: 8
  RSinusSpeedDOWN: 0
  RSinusSpeedTOP: 0
  RSinusRadiusDOWN: 0
  RSinusRadiusTOP: 0
  RpositionXDOWN: 15
  RpositionXTOP: 15
  RpositionYDOWN: -3
  RpositionYTOP: 3
  RspeedbulletscaleDOWN: 10
  RspeedbulletscaleTOP: 10
  RshootrateDOWN: 1
  RshootrateTOP: 1.8
  RshootdispersionDOWN: 5
  RshootdispersionTOP: 5
  RdamageDOWN: 35
  RdamageTOP: 40
  Deployed: 0
--- !u!1 &976579922
GameObject:
  m_ObjectHideFlags: 0
  m_PrefabParentObject: {fileID: 0}
  m_PrefabInternal: {fileID: 0}
  serializedVersion: 4
  m_Component:
  - 4: {fileID: 976579923}
  - 212: {fileID: 976579924}
  m_Layer: 0
  m_Name: CapaFondo
  m_TagString: Untagged
  m_Icon: {fileID: 0}
  m_NavMeshLayer: 0
  m_StaticEditorFlags: 0
  m_IsActive: 1
--- !u!4 &976579923
Transform:
  m_ObjectHideFlags: 0
  m_PrefabParentObject: {fileID: 0}
  m_PrefabInternal: {fileID: 0}
  m_GameObject: {fileID: 976579922}
  m_LocalRotation: {x: 0, y: 0, z: 0, w: 1}
  m_LocalPosition: {x: 0, y: -3.83, z: 0}
  m_LocalScale: {x: 1, y: 1, z: 1}
  m_LocalEulerAnglesHint: {x: 0, y: 0, z: 0}
  m_Children: []
  m_Father: {fileID: 1584879259}
  m_RootOrder: 0
--- !u!212 &976579924
SpriteRenderer:
  m_ObjectHideFlags: 0
  m_PrefabParentObject: {fileID: 0}
  m_PrefabInternal: {fileID: 0}
  m_GameObject: {fileID: 976579922}
  m_Enabled: 1
  m_CastShadows: 0
  m_ReceiveShadows: 0
  m_Materials:
  - {fileID: 10754, guid: 0000000000000000e000000000000000, type: 0}
  m_SubsetIndices: 
  m_StaticBatchRoot: {fileID: 0}
  m_UseLightProbes: 0
  m_ReflectionProbeUsage: 0
  m_ProbeAnchor: {fileID: 0}
  m_ScaleInLightmap: 1
  m_PreserveUVs: 0
  m_IgnoreNormalsForChartDetection: 0
  m_ImportantGI: 0
  m_MinimumChartSize: 4
  m_AutoUVMaxDistance: 0.5
  m_AutoUVMaxAngle: 89
  m_LightmapParameters: {fileID: 0}
  m_SortingLayerID: -948033391
  m_SortingOrder: -1
  m_Sprite: {fileID: 21300000, guid: 577b761e5aeb834409c4a199cff2f74a, type: 3}
  m_Color: {r: 1, g: 1, b: 1, a: 1}
  m_FlipX: 0
  m_FlipY: 0
--- !u!1 &996935894 stripped
GameObject:
  m_PrefabParentObject: {fileID: 109900, guid: d2a32c04033306040bf7bc1a62163507, type: 2}
  m_PrefabInternal: {fileID: 352777189}
--- !u!1001 &1203406070
Prefab:
  m_ObjectHideFlags: 0
  serializedVersion: 2
  m_Modification:
    m_TransformParent: {fileID: 0}
    m_Modifications:
    - target: {fileID: 401760, guid: abbaecbc87feba94bbc34607c0284871, type: 2}
      propertyPath: m_LocalPosition.x
      value: 2.9875238
      objectReference: {fileID: 0}
    - target: {fileID: 401760, guid: abbaecbc87feba94bbc34607c0284871, type: 2}
      propertyPath: m_LocalPosition.y
      value: 1.873978
      objectReference: {fileID: 0}
    - target: {fileID: 401760, guid: abbaecbc87feba94bbc34607c0284871, type: 2}
      propertyPath: m_LocalPosition.z
      value: 0
      objectReference: {fileID: 0}
    - target: {fileID: 401760, guid: abbaecbc87feba94bbc34607c0284871, type: 2}
      propertyPath: m_LocalRotation.x
      value: 0
      objectReference: {fileID: 0}
    - target: {fileID: 401760, guid: abbaecbc87feba94bbc34607c0284871, type: 2}
      propertyPath: m_LocalRotation.y
      value: 0
      objectReference: {fileID: 0}
    - target: {fileID: 401760, guid: abbaecbc87feba94bbc34607c0284871, type: 2}
      propertyPath: m_LocalRotation.z
      value: 0
      objectReference: {fileID: 0}
    - target: {fileID: 401760, guid: abbaecbc87feba94bbc34607c0284871, type: 2}
      propertyPath: m_LocalRotation.w
      value: 1
      objectReference: {fileID: 0}
    - target: {fileID: 401760, guid: abbaecbc87feba94bbc34607c0284871, type: 2}
      propertyPath: m_RootOrder
      value: 15
      objectReference: {fileID: 0}
    m_RemovedComponents: []
  m_ParentPrefab: {fileID: 100100000, guid: abbaecbc87feba94bbc34607c0284871, type: 2}
  m_IsPrefabParent: 0
--- !u!1001 &1221197210
Prefab:
  m_ObjectHideFlags: 0
  serializedVersion: 2
  m_Modification:
    m_TransformParent: {fileID: 1370810283}
    m_Modifications:
    - target: {fileID: 447298, guid: 837a3190ba03acf4fbe7ce5ecc2e95be, type: 2}
      propertyPath: m_LocalPosition.x
      value: 11.3
      objectReference: {fileID: 0}
    - target: {fileID: 447298, guid: 837a3190ba03acf4fbe7ce5ecc2e95be, type: 2}
      propertyPath: m_LocalPosition.y
      value: 0
      objectReference: {fileID: 0}
    - target: {fileID: 447298, guid: 837a3190ba03acf4fbe7ce5ecc2e95be, type: 2}
      propertyPath: m_LocalPosition.z
      value: 0
      objectReference: {fileID: 0}
    - target: {fileID: 447298, guid: 837a3190ba03acf4fbe7ce5ecc2e95be, type: 2}
      propertyPath: m_LocalRotation.x
      value: 0
      objectReference: {fileID: 0}
    - target: {fileID: 447298, guid: 837a3190ba03acf4fbe7ce5ecc2e95be, type: 2}
      propertyPath: m_LocalRotation.y
      value: 0
      objectReference: {fileID: 0}
    - target: {fileID: 447298, guid: 837a3190ba03acf4fbe7ce5ecc2e95be, type: 2}
      propertyPath: m_LocalRotation.z
      value: 0
      objectReference: {fileID: 0}
    - target: {fileID: 447298, guid: 837a3190ba03acf4fbe7ce5ecc2e95be, type: 2}
      propertyPath: m_LocalRotation.w
      value: 1
      objectReference: {fileID: 0}
    - target: {fileID: 447298, guid: 837a3190ba03acf4fbe7ce5ecc2e95be, type: 2}
      propertyPath: m_RootOrder
      value: 0
      objectReference: {fileID: 0}
    m_RemovedComponents: []
  m_ParentPrefab: {fileID: 100100000, guid: 837a3190ba03acf4fbe7ce5ecc2e95be, type: 2}
  m_IsPrefabParent: 0
--- !u!1 &1269053627
GameObject:
  m_ObjectHideFlags: 0
  m_PrefabParentObject: {fileID: 0}
  m_PrefabInternal: {fileID: 0}
  serializedVersion: 4
  m_Component:
  - 4: {fileID: 1269053628}
  - 114: {fileID: 1269053629}
  m_Layer: 0
  m_Name: ASTORFIS
  m_TagString: Untagged
  m_Icon: {fileID: 0}
  m_NavMeshLayer: 0
  m_StaticEditorFlags: 0
  m_IsActive: 1
--- !u!4 &1269053628
Transform:
  m_ObjectHideFlags: 0
  m_PrefabParentObject: {fileID: 0}
  m_PrefabInternal: {fileID: 0}
  m_GameObject: {fileID: 1269053627}
  m_LocalRotation: {x: 0, y: 0, z: 0, w: 1}
  m_LocalPosition: {x: 0, y: 0, z: 0}
  m_LocalScale: {x: 1, y: 1, z: 1}
  m_LocalEulerAnglesHint: {x: 0, y: 0, z: 0}
  m_Children: []
  m_Father: {fileID: 1775528819}
  m_RootOrder: 1
--- !u!114 &1269053629
MonoBehaviour:
  m_ObjectHideFlags: 0
  m_PrefabParentObject: {fileID: 0}
  m_PrefabInternal: {fileID: 0}
  m_GameObject: {fileID: 1269053627}
  m_Enabled: 1
  m_EditorHideFlags: 0
  m_Script: {fileID: 11500000, guid: 98c51cd0f75f47747a82e37c6499c8d2, type: 3}
  m_Name: 
  m_EditorClassIdentifier: 
  Framechange: 65
  probBeSmart: 0
  NeptoHealth: 100
  BultoxHealth: 250
  BigBultoxHealth: 2100
  PileHealth: 1000
  AstorfixHealth: 150
  probBeMotorized: 0
  ProbBultoxAppear: 0.01
  MotorVelocity: 0
  ProbAxtorfisAppear: 0.0458
  ProbNeptoAppear: 0
  ProbPileAppear: 0
  RSpeedXDOWN: 2
  RSpeedXTOP: 4
  RSinusSpeedDOWN: 4
  RSinusSpeedTOP: 4
  RSinusRadiusDOWN: 1
  RSinusRadiusTOP: 1
  RpositionXDOWN: 15
  RpositionXTOP: 15
  RpositionYDOWN: -3.7
  RpositionYTOP: 3.7
  RspeedbulletscaleDOWN: 10
  RspeedbulletscaleTOP: 15
  RshootrateDOWN: 1
  RshootrateTOP: 2
  RshootdispersionDOWN: 5
  RshootdispersionTOP: 5
  RdamageDOWN: 8
  RdamageTOP: 12
  Deployed: 0
--- !u!1 &1366565713
GameObject:
  m_ObjectHideFlags: 0
  m_PrefabParentObject: {fileID: 0}
  m_PrefabInternal: {fileID: 0}
  serializedVersion: 4
  m_Component:
  - 4: {fileID: 1366565714}
  m_Layer: 0
  m_Name: EnviromentEvents
  m_TagString: Untagged
  m_Icon: {fileID: 0}
  m_NavMeshLayer: 0
  m_StaticEditorFlags: 0
  m_IsActive: 1
--- !u!4 &1366565714
Transform:
  m_ObjectHideFlags: 0
  m_PrefabParentObject: {fileID: 0}
  m_PrefabInternal: {fileID: 0}
  m_GameObject: {fileID: 1366565713}
  m_LocalRotation: {x: 0, y: 0, z: 0, w: 1}
  m_LocalPosition: {x: 2.9875238, y: 1.873978, z: 0}
  m_LocalScale: {x: 1, y: 1, z: 1}
  m_LocalEulerAnglesHint: {x: 0, y: 0, z: 0}
  m_Children:
  - {fileID: 787728974}
  - {fileID: 742591406}
  - {fileID: 27452105}
  - {fileID: 1703512101}
  m_Father: {fileID: 0}
  m_RootOrder: 9
--- !u!1 &1370810281
GameObject:
  m_ObjectHideFlags: 0
  m_PrefabParentObject: {fileID: 0}
  m_PrefabInternal: {fileID: 0}
  serializedVersion: 4
  m_Component:
  - 4: {fileID: 1370810283}
  - 114: {fileID: 1370810282}
  m_Layer: 0
  m_Name: Enviroment
  m_TagString: Untagged
  m_Icon: {fileID: 0}
  m_NavMeshLayer: 0
  m_StaticEditorFlags: 0
  m_IsActive: 1
--- !u!114 &1370810282
MonoBehaviour:
  m_ObjectHideFlags: 0
  m_PrefabParentObject: {fileID: 0}
  m_PrefabInternal: {fileID: 0}
  m_GameObject: {fileID: 1370810281}
  m_Enabled: 1
  m_EditorHideFlags: 0
  m_Script: {fileID: 11500000, guid: 50b2abce4411b1c4fa6ba9136f4d4f35, type: 3}
  m_Name: 
  m_EditorClassIdentifier: 
  basicSpeed: 0.1
  direction: 0
  layers:
  - {fileID: 23085910}
  - {fileID: 1584879261}
--- !u!4 &1370810283
Transform:
  m_ObjectHideFlags: 0
  m_PrefabParentObject: {fileID: 0}
  m_PrefabInternal: {fileID: 0}
  m_GameObject: {fileID: 1370810281}
  m_LocalRotation: {x: 0, y: 0, z: 0, w: 1}
  m_LocalPosition: {x: 0, y: 0, z: 0}
  m_LocalScale: {x: 1, y: 1, z: 1}
  m_LocalEulerAnglesHint: {x: 0, y: 0, z: 0}
  m_Children:
  - {fileID: 340444113}
  - {fileID: 23085909}
  - {fileID: 1584879259}
  m_Father: {fileID: 0}
  m_RootOrder: 3
--- !u!1001 &1415709482
Prefab:
  m_ObjectHideFlags: 0
  serializedVersion: 2
  m_Modification:
    m_TransformParent: {fileID: 0}
    m_Modifications:
    - target: {fileID: 425646, guid: 198aaac9815a0c24a946d012255bf02b, type: 2}
      propertyPath: m_LocalPosition.x
      value: 0
      objectReference: {fileID: 0}
    - target: {fileID: 425646, guid: 198aaac9815a0c24a946d012255bf02b, type: 2}
      propertyPath: m_LocalPosition.y
      value: 0
      objectReference: {fileID: 0}
    - target: {fileID: 425646, guid: 198aaac9815a0c24a946d012255bf02b, type: 2}
      propertyPath: m_LocalPosition.z
      value: 0
      objectReference: {fileID: 0}
    - target: {fileID: 425646, guid: 198aaac9815a0c24a946d012255bf02b, type: 2}
      propertyPath: m_LocalRotation.x
      value: 0
      objectReference: {fileID: 0}
    - target: {fileID: 425646, guid: 198aaac9815a0c24a946d012255bf02b, type: 2}
      propertyPath: m_LocalRotation.y
      value: 0
      objectReference: {fileID: 0}
    - target: {fileID: 425646, guid: 198aaac9815a0c24a946d012255bf02b, type: 2}
      propertyPath: m_LocalRotation.z
      value: 0
      objectReference: {fileID: 0}
    - target: {fileID: 425646, guid: 198aaac9815a0c24a946d012255bf02b, type: 2}
      propertyPath: m_LocalRotation.w
      value: 1
      objectReference: {fileID: 0}
    - target: {fileID: 425646, guid: 198aaac9815a0c24a946d012255bf02b, type: 2}
      propertyPath: m_RootOrder
      value: 12
      objectReference: {fileID: 0}
    - target: {fileID: 11407882, guid: 198aaac9815a0c24a946d012255bf02b, type: 2}
      propertyPath: DialogosText
      value: 
      objectReference: {fileID: 352777190}
    - target: {fileID: 11407882, guid: 198aaac9815a0c24a946d012255bf02b, type: 2}
      propertyPath: Eventos
      value: 
      objectReference: {fileID: 246995310}
    - target: {fileID: 11407882, guid: 198aaac9815a0c24a946d012255bf02b, type: 2}
      propertyPath: radio
      value: 
      objectReference: {fileID: 1428465622}
    - target: {fileID: 11407882, guid: 198aaac9815a0c24a946d012255bf02b, type: 2}
      propertyPath: ProtaFace
      value: 
      objectReference: {fileID: 735135161}
    - target: {fileID: 11407882, guid: 198aaac9815a0c24a946d012255bf02b, type: 2}
      propertyPath: KruxonFace
      value: 
      objectReference: {fileID: 2013333986}
    - target: {fileID: 11407882, guid: 198aaac9815a0c24a946d012255bf02b, type: 2}
      propertyPath: labelRadio1
      value: 
      objectReference: {fileID: 2053755885}
    - target: {fileID: 11407882, guid: 198aaac9815a0c24a946d012255bf02b, type: 2}
      propertyPath: labelRadio2
      value: 
      objectReference: {fileID: 1958924896}
    - target: {fileID: 11407882, guid: 198aaac9815a0c24a946d012255bf02b, type: 2}
      propertyPath: labelRadio3
      value: 
      objectReference: {fileID: 996935894}
    - target: {fileID: 11407882, guid: 198aaac9815a0c24a946d012255bf02b, type: 2}
      propertyPath: InLvl1
      value: 1
      objectReference: {fileID: 0}
    - target: {fileID: 11407882, guid: 198aaac9815a0c24a946d012255bf02b, type: 2}
      propertyPath: ThisCineIsDesertLanding
      value: 0
      objectReference: {fileID: 0}
    - target: {fileID: 11407882, guid: 198aaac9815a0c24a946d012255bf02b, type: 2}
      propertyPath: InCine
      value: 0
      objectReference: {fileID: 0}
    m_RemovedComponents: []
  m_ParentPrefab: {fileID: 100100000, guid: 198aaac9815a0c24a946d012255bf02b, type: 2}
  m_IsPrefabParent: 0
--- !u!1 &1428465622 stripped
GameObject:
  m_PrefabParentObject: {fileID: 189664, guid: 3bfd8192f34391c479b06aab2aaaaac9, type: 2}
  m_PrefabInternal: {fileID: 1510477704}
--- !u!1 &1463068524
GameObject:
  m_ObjectHideFlags: 0
  m_PrefabParentObject: {fileID: 0}
  m_PrefabInternal: {fileID: 0}
  serializedVersion: 4
  m_Component:
  - 4: {fileID: 1463068526}
  - 114: {fileID: 1463068525}
  m_Layer: 0
  m_Name: Cinematic
  m_TagString: Untagged
  m_Icon: {fileID: 0}
  m_NavMeshLayer: 0
  m_StaticEditorFlags: 0
  m_IsActive: 1
--- !u!114 &1463068525
MonoBehaviour:
  m_ObjectHideFlags: 0
  m_PrefabParentObject: {fileID: 0}
  m_PrefabInternal: {fileID: 0}
  m_GameObject: {fileID: 1463068524}
  m_Enabled: 1
  m_EditorHideFlags: 0
  m_Script: {fileID: 11500000, guid: 5fe6c471d13f2134b973789db2353a49, type: 3}
  m_Name: 
  m_EditorClassIdentifier: 
  contador: 0
  CinematicOnStart: 0
  CinematicDelayOnStart: 2
  TimeBetweenEvents: 4
  NumberOfEvents: 3
  Instan: {fileID: 516038380}
  MinNumShips: 5
  MaxNumShips: 7
  AllyPrefabName: Player-C
  EnemyPrefabName: Bultox_cinematic
--- !u!4 &1463068526
Transform:
  m_ObjectHideFlags: 0
  m_PrefabParentObject: {fileID: 0}
  m_PrefabInternal: {fileID: 0}
  m_GameObject: {fileID: 1463068524}
  m_LocalRotation: {x: 0, y: 0, z: 0, w: 1}
  m_LocalPosition: {x: 0, y: 0, z: 0}
  m_LocalScale: {x: 1, y: 1, z: 1}
  m_LocalEulerAnglesHint: {x: 0, y: 0, z: 0}
  m_Children: []
  m_Father: {fileID: 0}
  m_RootOrder: 4
--- !u!1 &1503007399
GameObject:
  m_ObjectHideFlags: 0
  m_PrefabParentObject: {fileID: 0}
  m_PrefabInternal: {fileID: 0}
  serializedVersion: 4
  m_Component:
  - 4: {fileID: 1503007404}
  - 20: {fileID: 1503007403}
  - 92: {fileID: 1503007402}
  - 124: {fileID: 1503007401}
  - 81: {fileID: 1503007400}
  - 114: {fileID: 1503007405}
  - 114: {fileID: 1503007408}
  - 114: {fileID: 1503007407}
  m_Layer: 0
  m_Name: Main Camera
  m_TagString: MainCamera
  m_Icon: {fileID: 0}
  m_NavMeshLayer: 0
  m_StaticEditorFlags: 0
  m_IsActive: 1
--- !u!81 &1503007400
AudioListener:
  m_ObjectHideFlags: 0
  m_PrefabParentObject: {fileID: 0}
  m_PrefabInternal: {fileID: 0}
  m_GameObject: {fileID: 1503007399}
  m_Enabled: 1
--- !u!124 &1503007401
Behaviour:
  m_ObjectHideFlags: 0
  m_PrefabParentObject: {fileID: 0}
  m_PrefabInternal: {fileID: 0}
  m_GameObject: {fileID: 1503007399}
  m_Enabled: 1
--- !u!92 &1503007402
Behaviour:
  m_ObjectHideFlags: 0
  m_PrefabParentObject: {fileID: 0}
  m_PrefabInternal: {fileID: 0}
  m_GameObject: {fileID: 1503007399}
  m_Enabled: 1
--- !u!20 &1503007403
Camera:
  m_ObjectHideFlags: 0
  m_PrefabParentObject: {fileID: 0}
  m_PrefabInternal: {fileID: 0}
  m_GameObject: {fileID: 1503007399}
  m_Enabled: 1
  serializedVersion: 2
  m_ClearFlags: 1
  m_BackGroundColor: {r: 0, g: 0, b: 0, a: 0}
  m_NormalizedViewPortRect:
    serializedVersion: 2
    x: 0
    y: 0
    width: 1
    height: 1
  near clip plane: 0.3
  far clip plane: 1000
  field of view: 60
  orthographic: 1
  orthographic size: 5
  m_Depth: -1
  m_CullingMask:
    serializedVersion: 2
    m_Bits: 4294967295
  m_RenderingPath: -1
  m_TargetTexture: {fileID: 0}
  m_TargetDisplay: 0
  m_TargetEye: 3
  m_HDR: 0
  m_OcclusionCulling: 1
  m_StereoConvergence: 10
  m_StereoSeparation: 0.022
  m_StereoMirrorMode: 0
--- !u!4 &1503007404
Transform:
  m_ObjectHideFlags: 0
  m_PrefabParentObject: {fileID: 0}
  m_PrefabInternal: {fileID: 0}
  m_GameObject: {fileID: 1503007399}
  m_LocalRotation: {x: 0, y: 0, z: 0, w: 1}
  m_LocalPosition: {x: 0, y: 0, z: -10}
  m_LocalScale: {x: 1, y: 1, z: 1}
  m_LocalEulerAnglesHint: {x: 0, y: 0, z: 0}
  m_Children: []
  m_Father: {fileID: 0}
  m_RootOrder: 0
--- !u!114 &1503007405
MonoBehaviour:
  m_ObjectHideFlags: 0
  m_PrefabParentObject: {fileID: 0}
  m_PrefabInternal: {fileID: 0}
  m_GameObject: {fileID: 1503007399}
  m_Enabled: 1
  m_EditorHideFlags: 0
  m_Script: {fileID: 11500000, guid: 476a1669b46287a429e472ce3150f18f, type: 3}
  m_Name: 
  m_EditorClassIdentifier: 
  offsetx: 0.1
  offsety: 0.1
  ShakeOnStart: 0
  ShakeOfStartTime: 5
--- !u!114 &1503007407
MonoBehaviour:
  m_ObjectHideFlags: 0
  m_PrefabParentObject: {fileID: 0}
  m_PrefabInternal: {fileID: 0}
  m_GameObject: {fileID: 1503007399}
  m_Enabled: 1
  m_EditorHideFlags: 0
  m_Script: {fileID: 11500000, guid: 0dd78f356eaa8f74290abfad908c7970, type: 3}
  m_Name: 
  m_EditorClassIdentifier: 
  isPaused: 0
--- !u!114 &1503007408
MonoBehaviour:
  m_ObjectHideFlags: 0
  m_PrefabParentObject: {fileID: 0}
  m_PrefabInternal: {fileID: 0}
  m_GameObject: {fileID: 1503007399}
  m_Enabled: 1
  m_EditorHideFlags: 0
  m_Script: {fileID: 11500000, guid: e5d699705163b0846a04e505c87b30c1, type: 3}
  m_Name: 
  m_EditorClassIdentifier: 
--- !u!1001 &1510477704
Prefab:
  m_ObjectHideFlags: 0
  serializedVersion: 2
  m_Modification:
    m_TransformParent: {fileID: 0}
    m_Modifications:
    - target: {fileID: 417408, guid: 3bfd8192f34391c479b06aab2aaaaac9, type: 2}
      propertyPath: m_LocalPosition.x
      value: -0.52836466
      objectReference: {fileID: 0}
    - target: {fileID: 417408, guid: 3bfd8192f34391c479b06aab2aaaaac9, type: 2}
      propertyPath: m_LocalPosition.y
      value: -0.27047813
      objectReference: {fileID: 0}
    - target: {fileID: 417408, guid: 3bfd8192f34391c479b06aab2aaaaac9, type: 2}
      propertyPath: m_LocalPosition.z
      value: 0
      objectReference: {fileID: 0}
    - target: {fileID: 417408, guid: 3bfd8192f34391c479b06aab2aaaaac9, type: 2}
      propertyPath: m_LocalRotation.x
      value: 0
      objectReference: {fileID: 0}
    - target: {fileID: 417408, guid: 3bfd8192f34391c479b06aab2aaaaac9, type: 2}
      propertyPath: m_LocalRotation.y
      value: 0
      objectReference: {fileID: 0}
    - target: {fileID: 417408, guid: 3bfd8192f34391c479b06aab2aaaaac9, type: 2}
      propertyPath: m_LocalRotation.z
      value: 0
      objectReference: {fileID: 0}
    - target: {fileID: 417408, guid: 3bfd8192f34391c479b06aab2aaaaac9, type: 2}
      propertyPath: m_LocalRotation.w
      value: 1
      objectReference: {fileID: 0}
    - target: {fileID: 417408, guid: 3bfd8192f34391c479b06aab2aaaaac9, type: 2}
      propertyPath: m_RootOrder
      value: 14
      objectReference: {fileID: 0}
    - target: {fileID: 189664, guid: 3bfd8192f34391c479b06aab2aaaaac9, type: 2}
      propertyPath: m_IsActive
      value: 0
      objectReference: {fileID: 0}
    - target: {fileID: 166498, guid: 3bfd8192f34391c479b06aab2aaaaac9, type: 2}
      propertyPath: m_IsActive
      value: 0
      objectReference: {fileID: 0}
    m_RemovedComponents: []
  m_ParentPrefab: {fileID: 100100000, guid: 3bfd8192f34391c479b06aab2aaaaac9, type: 2}
  m_IsPrefabParent: 0
--- !u!1 &1542409499
GameObject:
  m_ObjectHideFlags: 0
  m_PrefabParentObject: {fileID: 0}
  m_PrefabInternal: {fileID: 0}
  serializedVersion: 4
  m_Component:
  - 4: {fileID: 1542409500}
  m_Layer: 0
  m_Name: Manager
  m_TagString: Untagged
  m_Icon: {fileID: 0}
  m_NavMeshLayer: 0
  m_StaticEditorFlags: 0
  m_IsActive: 1
--- !u!4 &1542409500
Transform:
  m_ObjectHideFlags: 0
  m_PrefabParentObject: {fileID: 0}
  m_PrefabInternal: {fileID: 0}
  m_GameObject: {fileID: 1542409499}
  m_LocalRotation: {x: 0, y: 0, z: 0, w: 1}
  m_LocalPosition: {x: 0, y: 0, z: 0}
  m_LocalScale: {x: 1, y: 1, z: 1}
  m_LocalEulerAnglesHint: {x: 0, y: 0, z: 0}
  m_Children:
  - {fileID: 559073135}
  - {fileID: 117884759}
  - {fileID: 1736359408}
  - {fileID: 371954380}
  - {fileID: 594219112}
  m_Father: {fileID: 0}
  m_RootOrder: 7
--- !u!1 &1584879258
GameObject:
  m_ObjectHideFlags: 0
  m_PrefabParentObject: {fileID: 0}
  m_PrefabInternal: {fileID: 0}
  serializedVersion: 4
  m_Component:
  - 4: {fileID: 1584879259}
  - 114: {fileID: 1584879260}
  - 114: {fileID: 1584879261}
  m_Layer: 0
  m_Name: Background2
  m_TagString: ParallaxBackground
  m_Icon: {fileID: 0}
  m_NavMeshLayer: 0
  m_StaticEditorFlags: 0
  m_IsActive: 1
--- !u!4 &1584879259
Transform:
  m_ObjectHideFlags: 0
  m_PrefabParentObject: {fileID: 0}
  m_PrefabInternal: {fileID: 0}
  m_GameObject: {fileID: 1584879258}
  m_LocalRotation: {x: 0, y: 0, z: 0, w: 1}
  m_LocalPosition: {x: 10.9, y: 3.83, z: 0}
  m_LocalScale: {x: 1, y: 1, z: 1}
  m_LocalEulerAnglesHint: {x: 0, y: 0, z: 0}
  m_Children:
  - {fileID: 976579923}
  m_Father: {fileID: 1370810283}
  m_RootOrder: 2
--- !u!114 &1584879260
MonoBehaviour:
  m_ObjectHideFlags: 0
  m_PrefabParentObject: {fileID: 0}
  m_PrefabInternal: {fileID: 0}
  m_GameObject: {fileID: 1584879258}
  m_Enabled: 1
  m_EditorHideFlags: 0
  m_Script: {fileID: 11500000, guid: 34382083ad114a07d000fbfb8d76c639, type: 3}
  m_Name: 
  m_EditorClassIdentifier: 
  iterations: 5
  blurSpread: 0.8
  blurShader: {fileID: 4800000, guid: 57e6deea7c2924e22a5138e2b70bb4dc, type: 3}
--- !u!114 &1584879261
MonoBehaviour:
  m_ObjectHideFlags: 0
  m_PrefabParentObject: {fileID: 0}
  m_PrefabInternal: {fileID: 0}
  m_GameObject: {fileID: 1584879258}
  m_Enabled: 1
  m_EditorHideFlags: 0
  m_Script: {fileID: 11500000, guid: 4b1783e51b52a224d806697a363fc38b, type: 3}
  m_Name: 
  m_EditorClassIdentifier: 
  speed: 1.05
--- !u!1 &1703512100
GameObject:
  m_ObjectHideFlags: 0
  m_PrefabParentObject: {fileID: 0}
  m_PrefabInternal: {fileID: 0}
  serializedVersion: 4
  m_Component:
  - 4: {fileID: 1703512101}
  - 114: {fileID: 1703512102}
  m_Layer: 0
  m_Name: PostHardcore
  m_TagString: Untagged
  m_Icon: {fileID: 0}
  m_NavMeshLayer: 0
  m_StaticEditorFlags: 0
  m_IsActive: 1
--- !u!4 &1703512101
Transform:
  m_ObjectHideFlags: 0
  m_PrefabParentObject: {fileID: 0}
  m_PrefabInternal: {fileID: 0}
  m_GameObject: {fileID: 1703512100}
  m_LocalRotation: {x: 0, y: 0, z: 0, w: 1}
  m_LocalPosition: {x: 0, y: 0, z: 0}
  m_LocalScale: {x: 1, y: 1, z: 1}
  m_LocalEulerAnglesHint: {x: 0, y: 0, z: 0}
  m_Children: []
  m_Father: {fileID: 1366565714}
  m_RootOrder: 3
--- !u!114 &1703512102
MonoBehaviour:
  m_ObjectHideFlags: 0
  m_PrefabParentObject: {fileID: 0}
  m_PrefabInternal: {fileID: 0}
  m_GameObject: {fileID: 1703512100}
  m_Enabled: 1
  m_EditorHideFlags: 0
  m_Script: {fileID: 11500000, guid: 96b7ed44a0a72a646a05bbe63e2e7cd1, type: 3}
  m_Name: 
  m_EditorClassIdentifier: 
  Framechange: 130
  ComRainHeight: 10
  ComMinGravity: 0
  ComMaxGravity: 0
  ComXStarRain: 15
  ComSpeed: 5
  ComYSpeed: 5
  ComProbperframe: 0
  METRainHeight: 4.5
  METMinGravity: 0
  METMaxGravity: 0
  METSpeed: 5
  METYSpeed: 0
  METProbperframe: 0.05
  Deployed: 0
--- !u!1 &1736359407
GameObject:
  m_ObjectHideFlags: 0
  m_PrefabParentObject: {fileID: 0}
  m_PrefabInternal: {fileID: 0}
  serializedVersion: 4
  m_Component:
  - 4: {fileID: 1736359408}
  - 82: {fileID: 1736359409}
  m_Layer: 0
  m_Name: Sounds_Blin
  m_TagString: Untagged
  m_Icon: {fileID: 0}
  m_NavMeshLayer: 0
  m_StaticEditorFlags: 0
  m_IsActive: 1
--- !u!4 &1736359408
Transform:
  m_ObjectHideFlags: 0
  m_PrefabParentObject: {fileID: 0}
  m_PrefabInternal: {fileID: 0}
  m_GameObject: {fileID: 1736359407}
  m_LocalRotation: {x: 0, y: 0, z: 0, w: 1}
  m_LocalPosition: {x: 0, y: 0, z: 0}
  m_LocalScale: {x: 1, y: 1, z: 1}
  m_LocalEulerAnglesHint: {x: 0, y: 0, z: 0}
  m_Children: []
  m_Father: {fileID: 1542409500}
  m_RootOrder: 2
--- !u!82 &1736359409
AudioSource:
  m_ObjectHideFlags: 0
  m_PrefabParentObject: {fileID: 0}
  m_PrefabInternal: {fileID: 0}
  m_GameObject: {fileID: 1736359407}
  m_Enabled: 1
  serializedVersion: 4
  OutputAudioMixerGroup: {fileID: 0}
  m_audioClip: {fileID: 0}
  m_PlayOnAwake: 1
  m_Volume: 0.6
  m_Pitch: 1
  Loop: 0
  Mute: 0
  Spatialize: 0
  Priority: 140
  DopplerLevel: 1
  MinDistance: 1
  MaxDistance: 500
  Pan2D: 0
  rolloffMode: 0
  BypassEffects: 0
  BypassListenerEffects: 0
  BypassReverbZones: 0
  rolloffCustomCurve:
    serializedVersion: 2
    m_Curve:
    - time: 0
      value: 1
      inSlope: 0
      outSlope: 0
      tangentMode: 0
    - time: 1
      value: 0
      inSlope: 0
      outSlope: 0
      tangentMode: 0
    m_PreInfinity: 2
    m_PostInfinity: 2
    m_RotationOrder: 4
  panLevelCustomCurve:
    serializedVersion: 2
    m_Curve:
    - time: 0
      value: 0
      inSlope: 0
      outSlope: 0
      tangentMode: 0
    m_PreInfinity: 2
    m_PostInfinity: 2
    m_RotationOrder: 0
  spreadCustomCurve:
    serializedVersion: 2
    m_Curve:
    - time: 0
      value: 0
      inSlope: 0
      outSlope: 0
      tangentMode: 0
    m_PreInfinity: 2
    m_PostInfinity: 2
    m_RotationOrder: 4
  reverbZoneMixCustomCurve:
    serializedVersion: 2
    m_Curve:
    - time: 0
      value: 1
      inSlope: 0
      outSlope: 0
      tangentMode: 0
    m_PreInfinity: 2
    m_PostInfinity: 2
    m_RotationOrder: 0
--- !u!1 &1769072315
GameObject:
  m_ObjectHideFlags: 0
  m_PrefabParentObject: {fileID: 0}
  m_PrefabInternal: {fileID: 0}
  serializedVersion: 4
  m_Component:
  - 4: {fileID: 1769072317}
  - 212: {fileID: 1769072316}
  - 50: {fileID: 1769072319}
  - 58: {fileID: 1769072318}
  - 114: {fileID: 1769072320}
  - 114: {fileID: 1769072321}
  m_Layer: 0
  m_Name: Planeta
  m_TagString: Untagged
  m_Icon: {fileID: 0}
  m_NavMeshLayer: 0
  m_StaticEditorFlags: 0
  m_IsActive: 0
--- !u!212 &1769072316
SpriteRenderer:
  m_ObjectHideFlags: 0
  m_PrefabParentObject: {fileID: 0}
  m_PrefabInternal: {fileID: 0}
  m_GameObject: {fileID: 1769072315}
  m_Enabled: 1
  m_CastShadows: 0
  m_ReceiveShadows: 0
  m_Materials:
  - {fileID: 10754, guid: 0000000000000000e000000000000000, type: 0}
  m_SubsetIndices: 
  m_StaticBatchRoot: {fileID: 0}
  m_UseLightProbes: 0
  m_ReflectionProbeUsage: 0
  m_ProbeAnchor: {fileID: 0}
  m_ScaleInLightmap: 1
  m_PreserveUVs: 0
  m_IgnoreNormalsForChartDetection: 0
  m_ImportantGI: 0
  m_MinimumChartSize: 4
  m_AutoUVMaxDistance: 0.5
  m_AutoUVMaxAngle: 89
  m_LightmapParameters: {fileID: 0}
  m_SortingLayerID: 1839885391
  m_SortingOrder: 0
  m_Sprite: {fileID: 21300000, guid: 12f4aad7eb0e1464387b9b0c6934df3c, type: 3}
  m_Color: {r: 1, g: 1, b: 1, a: 1}
  m_FlipX: 0
  m_FlipY: 0
--- !u!4 &1769072317
Transform:
  m_ObjectHideFlags: 0
  m_PrefabParentObject: {fileID: 0}
  m_PrefabInternal: {fileID: 0}
  m_GameObject: {fileID: 1769072315}
  m_LocalRotation: {x: 0, y: 0, z: 0, w: 1}
  m_LocalPosition: {x: 9.58, y: 0, z: 0}
  m_LocalScale: {x: 1, y: 1, z: 1}
  m_LocalEulerAnglesHint: {x: 0, y: 0, z: 0}
  m_Children: []
  m_Father: {fileID: 0}
  m_RootOrder: 5
--- !u!58 &1769072318
CircleCollider2D:
  m_ObjectHideFlags: 0
  m_PrefabParentObject: {fileID: 0}
  m_PrefabInternal: {fileID: 0}
  m_GameObject: {fileID: 1769072315}
  m_Enabled: 1
  m_Density: 1
  m_Material: {fileID: 0}
  m_IsTrigger: 1
  m_UsedByEffector: 0
  m_Offset: {x: 0.95, y: 0}
  serializedVersion: 2
  m_Radius: 1.28
--- !u!50 &1769072319
Rigidbody2D:
  serializedVersion: 2
  m_ObjectHideFlags: 0
  m_PrefabParentObject: {fileID: 0}
  m_PrefabInternal: {fileID: 0}
  m_GameObject: {fileID: 1769072315}
  m_UseAutoMass: 0
  m_Mass: 1
  m_LinearDrag: 0
  m_AngularDrag: 0.05
  m_GravityScale: 0
  m_IsKinematic: 1
  m_Interpolate: 0
  m_SleepingMode: 1
  m_CollisionDetection: 0
  m_Constraints: 0
--- !u!114 &1769072320
MonoBehaviour:
  m_ObjectHideFlags: 0
  m_PrefabParentObject: {fileID: 0}
  m_PrefabInternal: {fileID: 0}
  m_GameObject: {fileID: 1769072315}
  m_Enabled: 1
  m_EditorHideFlags: 0
  m_Script: {fileID: 11500000, guid: e470a0128c1223a40ba423e2fcbbbf05, type: 3}
  m_Name: 
  m_EditorClassIdentifier: 
--- !u!114 &1769072321
MonoBehaviour:
  m_ObjectHideFlags: 0
  m_PrefabParentObject: {fileID: 0}
  m_PrefabInternal: {fileID: 0}
  m_GameObject: {fileID: 1769072315}
  m_Enabled: 1
  m_EditorHideFlags: 0
  m_Script: {fileID: 11500000, guid: 231a0872f6323794b862c24d5b02cb1a, type: 3}
  m_Name: 
  m_EditorClassIdentifier: 
  pointToMove: {fileID: 0}
  speed: -1.5
--- !u!1 &1775528818
GameObject:
  m_ObjectHideFlags: 0
  m_PrefabParentObject: {fileID: 0}
  m_PrefabInternal: {fileID: 0}
  serializedVersion: 4
  m_Component:
  - 4: {fileID: 1775528819}
  m_Layer: 0
  m_Name: EnemyMaganer2Events
  m_TagString: Untagged
  m_Icon: {fileID: 0}
  m_NavMeshLayer: 0
  m_StaticEditorFlags: 0
  m_IsActive: 1
--- !u!4 &1775528819
Transform:
  m_ObjectHideFlags: 0
  m_PrefabParentObject: {fileID: 0}
  m_PrefabInternal: {fileID: 0}
  m_GameObject: {fileID: 1775528818}
  m_LocalRotation: {x: 0, y: 0, z: 0, w: 1}
  m_LocalPosition: {x: 1.5679971, y: 0.85445607, z: 0}
  m_LocalScale: {x: 1, y: 1, z: 1}
  m_LocalEulerAnglesHint: {x: 0, y: 0, z: 0}
  m_Children:
  - {fileID: 1878660678}
  - {fileID: 1269053628}
  - {fileID: 812933046}
  - {fileID: 1978132175}
  m_Father: {fileID: 0}
  m_RootOrder: 10
--- !u!1 &1878660677
GameObject:
  m_ObjectHideFlags: 0
  m_PrefabParentObject: {fileID: 0}
  m_PrefabInternal: {fileID: 0}
  serializedVersion: 4
  m_Component:
  - 4: {fileID: 1878660678}
  - 114: {fileID: 1878660679}
  m_Layer: 0
  m_Name: BULTOX
  m_TagString: Untagged
  m_Icon: {fileID: 0}
  m_NavMeshLayer: 0
  m_StaticEditorFlags: 0
  m_IsActive: 1
--- !u!4 &1878660678
Transform:
  m_ObjectHideFlags: 0
  m_PrefabParentObject: {fileID: 0}
  m_PrefabInternal: {fileID: 0}
  m_GameObject: {fileID: 1878660677}
  m_LocalRotation: {x: 0, y: 0, z: 0, w: 1}
  m_LocalPosition: {x: 0, y: 0, z: 0}
  m_LocalScale: {x: 1, y: 1, z: 1}
  m_LocalEulerAnglesHint: {x: 0, y: 0, z: 0}
  m_Children: []
  m_Father: {fileID: 1775528819}
  m_RootOrder: 0
--- !u!114 &1878660679
MonoBehaviour:
  m_ObjectHideFlags: 0
  m_PrefabParentObject: {fileID: 0}
  m_PrefabInternal: {fileID: 0}
  m_GameObject: {fileID: 1878660677}
  m_Enabled: 1
  m_EditorHideFlags: 0
  m_Script: {fileID: 11500000, guid: 98c51cd0f75f47747a82e37c6499c8d2, type: 3}
  m_Name: 
  m_EditorClassIdentifier: 
  Framechange: 10
  probBeSmart: 0
  NeptoHealth: 100
  BultoxHealth: 250
  BigBultoxHealth: 2100
  PileHealth: 1000
  AstorfixHealth: 150
  probBeMotorized: 0
  ProbBultoxAppear: 0.02
  MotorVelocity: 2
  ProbAxtorfisAppear: 0
  ProbNeptoAppear: 0
  ProbPileAppear: 0
  RSpeedXDOWN: 1
  RSpeedXTOP: 1.5
  RSinusSpeedDOWN: 0
  RSinusSpeedTOP: 0
  RSinusRadiusDOWN: 0
  RSinusRadiusTOP: 0
  RpositionXDOWN: 12
  RpositionXTOP: 12
  RpositionYDOWN: -3.7
  RpositionYTOP: 3.7
  RspeedbulletscaleDOWN: 10
  RspeedbulletscaleTOP: 10
  RshootrateDOWN: 4
  RshootrateTOP: 6
  RshootdispersionDOWN: 5
  RshootdispersionTOP: 5
  RdamageDOWN: 15
  RdamageTOP: 20
  Deployed: 0
--- !u!114 &1884453639 stripped
MonoBehaviour:
  m_PrefabParentObject: {fileID: 11423638, guid: abbaecbc87feba94bbc34607c0284871,
    type: 2}
  m_PrefabInternal: {fileID: 1203406070}
  m_Script: {fileID: 11500000, guid: d4019fd6fd172b844a8d16311838196a, type: 3}
--- !u!1 &1949380729
GameObject:
  m_ObjectHideFlags: 0
  m_PrefabParentObject: {fileID: 0}
  m_PrefabInternal: {fileID: 0}
  serializedVersion: 4
  m_Component:
  - 4: {fileID: 1949380731}
  - 114: {fileID: 1949380732}
  m_Layer: 0
  m_Name: ItemPrefabBag
  m_TagString: ItemPrefabBag
  m_Icon: {fileID: 0}
  m_NavMeshLayer: 0
  m_StaticEditorFlags: 0
  m_IsActive: 1
--- !u!4 &1949380731
Transform:
  m_ObjectHideFlags: 0
  m_PrefabParentObject: {fileID: 0}
  m_PrefabInternal: {fileID: 0}
  m_GameObject: {fileID: 1949380729}
  m_LocalRotation: {x: 0, y: 0, z: 0, w: 1}
  m_LocalPosition: {x: -0.4793356, y: 1.0182095, z: 0}
  m_LocalScale: {x: 1, y: 1, z: 1}
  m_LocalEulerAnglesHint: {x: 0, y: 0, z: 0}
  m_Children: []
  m_Father: {fileID: 0}
  m_RootOrder: 6
--- !u!114 &1949380732
MonoBehaviour:
  m_ObjectHideFlags: 0
  m_PrefabParentObject: {fileID: 0}
  m_PrefabInternal: {fileID: 0}
  m_GameObject: {fileID: 1949380729}
  m_Enabled: 1
  m_EditorHideFlags: 0
  m_Script: {fileID: 11500000, guid: a73b0574938242947a210a4eee6d6e1a, type: 3}
  m_Name: 
  m_EditorClassIdentifier: 
  FuelEvent: 0
--- !u!1 &1958924896 stripped
GameObject:
  m_PrefabParentObject: {fileID: 193296, guid: d2a32c04033306040bf7bc1a62163507, type: 2}
  m_PrefabInternal: {fileID: 352777189}
--- !u!1 &1978132174
GameObject:
  m_ObjectHideFlags: 0
  m_PrefabParentObject: {fileID: 0}
  m_PrefabInternal: {fileID: 0}
  serializedVersion: 4
  m_Component:
  - 4: {fileID: 1978132175}
  - 114: {fileID: 1978132176}
  m_Layer: 0
  m_Name: Astor_bulMot
  m_TagString: Untagged
  m_Icon: {fileID: 0}
  m_NavMeshLayer: 0
  m_StaticEditorFlags: 0
  m_IsActive: 1
--- !u!4 &1978132175
Transform:
  m_ObjectHideFlags: 0
  m_PrefabParentObject: {fileID: 0}
  m_PrefabInternal: {fileID: 0}
  m_GameObject: {fileID: 1978132174}
  m_LocalRotation: {x: 0, y: 0, z: 0, w: 1}
  m_LocalPosition: {x: 0, y: 0, z: 0}
  m_LocalScale: {x: 1, y: 1, z: 1}
  m_LocalEulerAnglesHint: {x: 0, y: 0, z: 0}
  m_Children: []
  m_Father: {fileID: 1775528819}
  m_RootOrder: 3
--- !u!114 &1978132176
MonoBehaviour:
  m_ObjectHideFlags: 0
  m_PrefabParentObject: {fileID: 0}
  m_PrefabInternal: {fileID: 0}
  m_GameObject: {fileID: 1978132174}
  m_Enabled: 1
  m_EditorHideFlags: 0
  m_Script: {fileID: 11500000, guid: 98c51cd0f75f47747a82e37c6499c8d2, type: 3}
  m_Name: 
  m_EditorClassIdentifier: 
  Framechange: 133
  probBeSmart: 0
  NeptoHealth: 100
  BultoxHealth: 250
  BigBultoxHealth: 2100
  PileHealth: 1000
  AstorfixHealth: 150
  probBeMotorized: 0
  ProbBultoxAppear: 0.02
  MotorVelocity: 1.5
  ProbAxtorfisAppear: 0.028
  ProbNeptoAppear: 0.005
  ProbPileAppear: 0
  RSpeedXDOWN: 2
  RSpeedXTOP: 4
  RSinusSpeedDOWN: 4
  RSinusSpeedTOP: 4
  RSinusRadiusDOWN: 1
  RSinusRadiusTOP: 1
  RpositionXDOWN: 15
  RpositionXTOP: 15
  RpositionYDOWN: -3.7
  RpositionYTOP: 3.7
  RspeedbulletscaleDOWN: 10
  RspeedbulletscaleTOP: 15
  RshootrateDOWN: 1
  RshootrateTOP: 2
  RshootdispersionDOWN: 5
  RshootdispersionTOP: 5
  RdamageDOWN: 8
  RdamageTOP: 12
  Deployed: 0
--- !u!1001 &2009369659
Prefab:
  m_ObjectHideFlags: 0
  serializedVersion: 2
  m_Modification:
    m_TransformParent: {fileID: 0}
    m_Modifications:
    - target: {fileID: 430058, guid: fc3bbbf8c4307f942b80a2ef37b4db8e, type: 2}
      propertyPath: m_LocalPosition.x
      value: 12.5
      objectReference: {fileID: 0}
    - target: {fileID: 430058, guid: fc3bbbf8c4307f942b80a2ef37b4db8e, type: 2}
      propertyPath: m_LocalPosition.y
      value: -0.11000001
      objectReference: {fileID: 0}
    - target: {fileID: 430058, guid: fc3bbbf8c4307f942b80a2ef37b4db8e, type: 2}
      propertyPath: m_LocalPosition.z
      value: -0.63
      objectReference: {fileID: 0}
    - target: {fileID: 430058, guid: fc3bbbf8c4307f942b80a2ef37b4db8e, type: 2}
      propertyPath: m_LocalRotation.x
      value: 0
      objectReference: {fileID: 0}
    - target: {fileID: 430058, guid: fc3bbbf8c4307f942b80a2ef37b4db8e, type: 2}
      propertyPath: m_LocalRotation.y
      value: 0
      objectReference: {fileID: 0}
    - target: {fileID: 430058, guid: fc3bbbf8c4307f942b80a2ef37b4db8e, type: 2}
      propertyPath: m_LocalRotation.z
      value: -0.7071068
      objectReference: {fileID: 0}
    - target: {fileID: 430058, guid: fc3bbbf8c4307f942b80a2ef37b4db8e, type: 2}
      propertyPath: m_LocalRotation.w
      value: 0.7071067
      objectReference: {fileID: 0}
    - target: {fileID: 430058, guid: fc3bbbf8c4307f942b80a2ef37b4db8e, type: 2}
      propertyPath: m_RootOrder
      value: 16
      objectReference: {fileID: 0}
    - target: {fileID: 19817166, guid: fc3bbbf8c4307f942b80a2ef37b4db8e, type: 2}
      propertyPath: InitialModule.startColor.maxColor.rgba
      value: 2007564913
      objectReference: {fileID: 0}
    - target: {fileID: 19817166, guid: fc3bbbf8c4307f942b80a2ef37b4db8e, type: 2}
      propertyPath: InitialModule.startColor.minColor.rgba
      value: 1251655465
      objectReference: {fileID: 0}
    m_RemovedComponents: []
  m_ParentPrefab: {fileID: 100100000, guid: fc3bbbf8c4307f942b80a2ef37b4db8e, type: 2}
  m_IsPrefabParent: 0
--- !u!1 &2009369660 stripped
GameObject:
  m_PrefabParentObject: {fileID: 121268, guid: fc3bbbf8c4307f942b80a2ef37b4db8e, type: 2}
  m_PrefabInternal: {fileID: 2009369659}
--- !u!1 &2013333986 stripped
GameObject:
  m_PrefabParentObject: {fileID: 189132, guid: 3bfd8192f34391c479b06aab2aaaaac9, type: 2}
  m_PrefabInternal: {fileID: 1510477704}
--- !u!1 &2053755885 stripped
GameObject:
  m_PrefabParentObject: {fileID: 196042, guid: d2a32c04033306040bf7bc1a62163507, type: 2}
  m_PrefabInternal: {fileID: 352777189}
--- !u!1 &2071250102
GameObject:
  m_ObjectHideFlags: 0
  m_PrefabParentObject: {fileID: 152952, guid: 5965bf4ac18ffcb4aa24b8639200d6be, type: 2}
  m_PrefabInternal: {fileID: 0}
  serializedVersion: 4
  m_Component:
  - 4: {fileID: 559073135}
  - 114: {fileID: 2071250109}
  - 114: {fileID: 2071250108}
  - 114: {fileID: 2071250107}
  - 114: {fileID: 2071250106}
  - 114: {fileID: 2071250104}
  - 114: {fileID: 2071250103}
  - 114: {fileID: 2071250112}
  - 114: {fileID: 2071250105}
  - 114: {fileID: 2071250110}
  m_Layer: 0
  m_Name: Managers
  m_TagString: Untagged
  m_Icon: {fileID: 0}
  m_NavMeshLayer: 0
  m_StaticEditorFlags: 0
  m_IsActive: 1
--- !u!114 &2071250103
MonoBehaviour:
  m_ObjectHideFlags: 0
  m_PrefabParentObject: {fileID: 11445316, guid: 5965bf4ac18ffcb4aa24b8639200d6be,
    type: 2}
  m_PrefabInternal: {fileID: 0}
  m_GameObject: {fileID: 2071250102}
  m_Enabled: 0
  m_EditorHideFlags: 0
  m_Script: {fileID: 11500000, guid: 0b6ecc9423d41084e935ffe4d65117d5, type: 3}
  m_Name: 
  m_EditorClassIdentifier: 
  Inst: {fileID: 516038380}
  DeathArea: {fileID: 594219111}
  VidaFase1: 1
  VidaFase2: 1
  VidaFase3: 1
  TimeDeath1Duration: 2
  TimeDeath2Duration: 3
  TimeDeath3Duration: 10
  TimebShoots: 3
  ProbShootFase1: 0.9
  ProbShootFase2: 0
  ProbHeadRayFase2: 0.2
  ProbHeadRayFase3: 0.15
  Cent1: {fileID: 0}
  Cent2: {fileID: 0}
  Blinz0: {fileID: 0}
  Blinz1: {fileID: 0}
  Blinz2: {fileID: 0}
  Blinz3: {fileID: 0}
  MaxHealth: -1
  BlinRoar: {fileID: 8300000, guid: 4acb0cc12ddfd24419ede30c9a449ceb, type: 3}
  "BlinDa\xF1o1": {fileID: 8300000, guid: 01317a01fbef93145b0a2771da4b1e02, type: 3}
  "BlinDa\xF1o2": {fileID: 8300000, guid: 6ed04963abdf86a45892426514f60bc4, type: 3}
  WeaponExplosion: {fileID: 8300000, guid: a5f6072396ba03d49bcfd051d541cfc8, type: 3}
  BlueLaser: {fileID: 8300000, guid: 107fbbef928a7ae439db2e11951db8fa, type: 3}
  BrazoFuera: {fileID: 8300000, guid: 3c7a2835913a80348841d6991b6ec1ba, type: 3}
  HornLaser: {fileID: 8300000, guid: 39fab5979cc7e6f4ead50d0adc97b44c, type: 3}
  "BlinGi\xF1o": {fileID: 8300000, guid: e43b771a613834c4eb7cf46153d61fdd, type: 3}
  BlinMuerte: {fileID: 8300000, guid: 0ee124f458bd6b243916b46add379d42, type: 3}
  Motor1: {fileID: 8300000, guid: 3de321c308d292e4f9785f7d8d31dad3, type: 3}
  Motor2: {fileID: 8300000, guid: c7edf519841c31547aa1252294c6a964, type: 3}
  Motor3: {fileID: 8300000, guid: 12d98b38eef586547a3af24768e805c9, type: 3}
--- !u!114 &2071250104
MonoBehaviour:
  m_ObjectHideFlags: 0
  m_PrefabParentObject: {fileID: 11427038, guid: 5965bf4ac18ffcb4aa24b8639200d6be,
    type: 2}
  m_PrefabInternal: {fileID: 0}
  m_GameObject: {fileID: 2071250102}
  m_Enabled: 1
  m_EditorHideFlags: 0
  m_Script: {fileID: 11500000, guid: c38f50b3c2d694941bd04b6af2d40e85, type: 3}
  m_Name: 
  m_EditorClassIdentifier: 
  Instan: {fileID: 516038380}
  frameOffset: 0
  path: 
  name: 
  currentFrame: 0
  ArrayObjetos:
  - WhatItem: 5
    positionX: 10
    positionY: -1
    StartFrame: 55
    velocity: 2
    gravity: 0
    Actived: 0
  - WhatItem: 5
    positionX: 10
    positionY: 0
    StartFrame: 70
    velocity: 1
    gravity: 0
    Actived: 0
  - WhatItem: 10
    positionX: 10
    positionY: 0
    StartFrame: 94
    velocity: 1
    gravity: 0
    Actived: 0
  - WhatItem: 5
    positionX: 10
    positionY: 0
    StartFrame: 100
    velocity: 1
    gravity: 0
    Actived: 0
  - WhatItem: 5
    positionX: 10
    positionY: 0
    StartFrame: 170
    velocity: 1
    gravity: 0
    Actived: 0
  - WhatItem: 10
    positionX: 10
    positionY: 1
    StartFrame: 170
    velocity: 1
    gravity: 0
    Actived: 0
--- !u!114 &2071250105
MonoBehaviour:
  m_ObjectHideFlags: 0
  m_PrefabParentObject: {fileID: 0}
  m_PrefabInternal: {fileID: 0}
  m_GameObject: {fileID: 2071250102}
  m_Enabled: 1
  m_EditorHideFlags: 0
  m_Script: {fileID: 11500000, guid: d0e6ca81ceaba6c4ca89309230232d3f, type: 3}
  m_Name: 
  m_EditorClassIdentifier: 
  CinematicStartFrame: 10
  CinematicDeployed: 0
  BlinStartFrame: 500
  BlinDeployed: 1
  EM2: {fileID: 2071250112}
  EnemyManagerEvents:
  - {fileID: 1878660679}
  - {fileID: 1269053629}
  - {fileID: 1978132176}
  - {fileID: 812933047}
  Planeta: {fileID: 1769072315}
  TimeAfterBoss: 18
--- !u!114 &2071250106
MonoBehaviour:
  m_ObjectHideFlags: 0
  m_PrefabParentObject: {fileID: 11438206, guid: 5965bf4ac18ffcb4aa24b8639200d6be,
    type: 2}
  m_PrefabInternal: {fileID: 0}
  m_GameObject: {fileID: 2071250102}
  m_Enabled: 1
  m_EditorHideFlags: 0
  m_Script: {fileID: 11500000, guid: e25aa20b46387e14f990e3760d6211b7, type: 3}
  m_Name: 
  m_EditorClassIdentifier: 
  currentFrame: 0
  frameOffset: 0
  Niebla: {fileID: 2009369660}
  NieblaEventos:
  - Start: 20
    Stop: 50
    Actived: 0
    Deactivated: 0
  - Start: 80
    Stop: 130
    Actived: 0
    Deactivated: 0
  - Start: 195
    Stop: 500
    Actived: 0
    Deactivated: 0
--- !u!114 &2071250107
MonoBehaviour:
  m_ObjectHideFlags: 0
  m_PrefabParentObject: {fileID: 11494480, guid: 5965bf4ac18ffcb4aa24b8639200d6be,
    type: 2}
  m_PrefabInternal: {fileID: 0}
  m_GameObject: {fileID: 2071250102}
  m_Enabled: 1
  m_EditorHideFlags: 0
  m_Script: {fileID: 11500000, guid: b90280fc5ec4f934486cc9064145a318, type: 3}
  m_Name: 
  m_EditorClassIdentifier: 
  EnviromentEvents:
  - {fileID: 787728975}
  - {fileID: 742591407}
  - {fileID: 27452106}
  - {fileID: 1703512102}
  frameOffset: 0
  currentFrame: 0
--- !u!114 &2071250108
MonoBehaviour:
  m_ObjectHideFlags: 0
  m_PrefabParentObject: {fileID: 11461800, guid: 5965bf4ac18ffcb4aa24b8639200d6be,
    type: 2}
  m_PrefabInternal: {fileID: 0}
  m_GameObject: {fileID: 2071250102}
  m_Enabled: 1
  m_EditorHideFlags: 0
  m_Script: {fileID: 11500000, guid: e6aeacc280e1a8044b36eb03350670b9, type: 3}
  m_Name: 
  m_EditorClassIdentifier: 
  Instan: {fileID: 516038380}
  Rockinstanciate: 0
  TimeBetween: 0.2
  RainHeight: 4.5
  MinGravity: 0
  MaxGravity: 0
  Speed: 5
  YSpeed: 0
  Probperframe: 0.11
  level: 2
--- !u!114 &2071250109
MonoBehaviour:
  m_ObjectHideFlags: 0
  m_PrefabParentObject: {fileID: 11486456, guid: 5965bf4ac18ffcb4aa24b8639200d6be,
    type: 2}
  m_PrefabInternal: {fileID: 0}
  m_GameObject: {fileID: 2071250102}
  m_Enabled: 1
  m_EditorHideFlags: 0
  m_Script: {fileID: 11500000, guid: f8da493a7c3b871479080b0d45b692e3, type: 3}
  m_Name: 
  m_EditorClassIdentifier: 
  Instan: {fileID: 516038380}
  ComInstanciate: 0
  TimeBetween: 0.05
  RainHeight: 10
  MinGravity: 0.05
  MaxGravity: 0.4
  XStarRain: 15
  Speed: 5
  YSpeed: 0
  Probperframe: 0
  level: 0
--- !u!114 &2071250110
MonoBehaviour:
  m_ObjectHideFlags: 0
  m_PrefabParentObject: {fileID: 0}
  m_PrefabInternal: {fileID: 0}
  m_GameObject: {fileID: 2071250102}
  m_Enabled: 1
  m_EditorHideFlags: 0
  m_Script: {fileID: 11500000, guid: 0f4cd1cce654a0445b7634e4c1e105eb, type: 3}
  m_Name: 
  m_EditorClassIdentifier: 
  SangreBultox: {r: 0.9490197, g: 0.34117648, b: 0.007843138, a: 0}
  SangreAstorfix: {r: 0.68235296, g: 0.28235295, b: 0.654902, a: 0}
  SangreBlinz: {r: 0.49264705, g: 0, b: 0, a: 0}
  ImpactoNepto: {r: 1, g: 0.8482758, b: 0, a: 0}
  SangreCentinela: {r: 0.038602933, g: 0.75, b: 0.22013173, a: 0}
  SangreBultoxEnNave: {r: 0.9490197, g: 0.34117648, b: 0.007843138, a: 0}
  ImpactoPile: {r: 0.4044118, g: 0.1615186, b: 0.029736165, a: 0}
--- !u!114 &2071250112
MonoBehaviour:
  m_ObjectHideFlags: 0
  m_PrefabParentObject: {fileID: 0}
  m_PrefabInternal: {fileID: 0}
  m_GameObject: {fileID: 2071250102}
  m_Enabled: 1
  m_EditorHideFlags: 0
  m_Script: {fileID: 11500000, guid: a9c302f011f1da34e97aa662cc834f58, type: 3}
  m_Name: 
  m_EditorClassIdentifier: 
  Instan: {fileID: 516038380}
  TimeBetwenEnemiesMin: 1.25
  BultoxInstanciate: 0
  AstorInstanciate: 0
  NeptoInstanciate: 0
  PileInstance: 0
  BultoxBehaviour: 1
  NeptoBehaviour: 3
  PilefarnesBehaviour: 5
  BigBultoxBehaviour: 1
  probBeSmart: 0
  probBeMotorized: 0
  MotorVelocity: 0
  ProbBultoxAppear: 0
  ProbPileAppear: 0
  ProbAxtorfisAppear: 0
  ProbNeptoAppear: 0
  RSpeedXDOWN: 0
  RSpeedXTOP: 0
  NeptoHealth: 0
  BultoxHealth: 0
  BigBultoxHealth: 0
  PileHealth: 0
  AstorfixHealth: 0
  RSinusSpeedDOWN: 0
  RSinusSpeedTOP: 0
  RSinusRadiusDOWN: 0
  RSinusRadiusTOP: 0
  RpositionXDOWN: 0
  RpositionXTOP: 0
  RpositionYDOWN: 0
  RpositionYTOP: 0
  RspeedbulletscaleDOWN: 0
  RspeedbulletscaleTOP: 0
  RshootrateDOWN: 0
  RshootrateTOP: 0
  RshootdispersionDOWN: 0
  RshootdispersionTOP: 0
  RdamageDOWN: 0
  RdamageTOP: 0
  frameOffset: 0
  currentFrame: 0
  ArrayEnemies:
  - WhatEnemy: 5
    EnemyIA: 0
    EBAI: 0
    Health: 2000
    tag: Enemy
    probEnemySmart: 0
    ShakeCamTime: 0
    ShakeCamOnStart: 0
    SpeedXaxis: 0
    positionX: 12
    positionY: 0
    StartFrame: 30
    SinusSpeed: 0
    SinusRadius: 0
    ShootRate: 0
    ShootDispersion: 0
    speedbulletsscale: 0
    damage: 0
    path: 
    name: 
    Actived: 0
